2022/11/03 08:45:26.429143 eval|Send {"p1":{"hp":50,"action":"shield","bullets":6,"grenades":0,"shield_time":10,"shield_health":0,"num_deaths":1,"num_shield":0},"p2":{"hp":60,"action":"grenade","bullets":1,"gre
nades":0,"shield_time":0,"shield_health":0,"num_deaths":1,"num_shield":0}}
2022/11/03 08:45:26.549495 eval|Received {"p1": {"hp": 20, "action": "shield", "bullets": 6, "grenades": 0, "shield_time": 0, "shield_health": 0, "num_deaths": 1, "num_shield": 1}, "p2": {"hp": 60, "action": "g
renade", "bullets": 1, "grenades": 0, "shield_time": 0, "shield_health": 0, "num_deaths": 1, "num_shield": 0}}
2022/11/03 08:45:26.550074 Publish EvalResp, val=p1:{hp:20 action:shield bullets:6 num_deaths:1 num_shield:1} p2:{hp:60 action:grenade bullets:1 num_deaths:1}
2022/11/03 08:45:26.550131 Publish Round(RoundT), val=32
2022/11/03 08:45:26.550455 Viz|Pub to MQTT| {"player":2,"time":"0","rnd":0,"action":"grenade","shootID":0}
2022/11/03 08:45:26.726821 Viz|Pub to MQTT| {"player":1,"time":"0","rnd":0,"action":"grenaded","shootID":0}
2022/11/03 08:45:26.867785 Relay|Gesture rate=101, p1=49, p2=52
2022/11/03 08:45:26.906797 Viz|Pub to MQTT| {"p1":{"hp":20,"action":"shield","bullets":6,"grenades":0,"shield_time":0,"shield_health":0,"num_deaths":1,"num_shield":1},"p2":{"hp":60,"action":"grenade","bullets":
1,"grenades":0,"shield_time":0,"shield_health":0,"num_deaths":1,"num_shield":0}}
2022/11/03 08:45:27.903260 Relay|Gesture rate=100, p1=52, p2=48
2022/11/03 08:45:28.944543 Relay|Gesture rate=76, p1=27, p2=49
2022/11/03 08:45:43.470501 Eng|Handling player:2 time:863528456936 rnd:32 action:shot shootID:11, state=0
2022/11/03 08:45:43.472888 Eng|Handling player:1 time:863530893264 rnd:32 action:shoot shootID:11, state=0
2022/11/03 08:45:43.472924 Player 1 done
2022/11/03 08:45:43.472972 matched shootID = 11
2022/11/03 08:45:43.472986 Viz|Pub to MQTT| {"player":1,"time":"863530893264","rnd":32,"action":"done","shootID":0}
2022/11/03 08:45:43.476391 Relay|Gesture rate=3, p1=0, p2=3
2022/11/03 08:45:43.617985 Eng|Handling player:2 time:863672017839 rnd:32 action:shield, state=0
2022/11/03 08:45:43.618049 Player 2 done
2022/11/03 08:45:43.618247 Viz|Pub to MQTT| {"player":2,"time":"863672017839","rnd":32,"action":"done","shootID":0}
2022/11/03 08:45:43.618334 eval|Send {"p1":{"hp":20,"action":"shoot","bullets":5,"grenades":0,"shield_time":0,"shield_health":0,"num_deaths":1,"num_shield":1},"p2":{"hp":50,"action":"shield","bullets":1,"grenad
es":0,"shield_time":0,"shield_health":0,"num_deaths":1,"num_shield":0}}
2022/11/03 08:45:43.750078 eval|Received {"p1": {"hp": 20, "action": "shoot", "bullets": 5, "grenades": 0, "shield_time": 0, "shield_health": 0, "num_deaths": 1, "num_shield": 1}, "p2": {"hp": 50, "action": "sh
ield", "bullets": 1, "grenades": 0, "shield_time": 0, "shield_health": 0, "num_deaths": 1, "num_shield": 0}}
2022/11/03 08:45:43.750582 Publish EvalResp, val=p1:{hp:20 action:shoot bullets:5 num_deaths:1 num_shield:1} p2:{hp:50 action:shield bullets:1 num_deaths:1}
2022/11/03 08:45:43.750643 Publish Round(RoundT), val=33
2022/11/03 08:45:43.750817 Viz|Pub to MQTT| {"player":1,"time":"0","rnd":0,"action":"shoot","shootID":0}
2022/11/03 08:45:43.929596 Viz|Pub to MQTT| {"player":2,"time":"0","rnd":0,"action":"shot","shootID":0}
2022/11/03 08:45:44.109809 Viz|Pub to MQTT| {"p1":{"hp":20,"action":"shoot","bullets":5,"grenades":0,"shield_time":0,"shield_health":0,"num_deaths":1,"num_shield":1},"p2":{"hp":50,"action":"shield","bullets":1,
"grenades":0,"shield_time":0,"shield_health":0,"num_deaths":1,"num_shield":0}}
2022/11/03 08:45:44.513140 Relay|Gesture rate=47, p1=0, p2=47
2022/11/03 08:45:45.549586 Relay|Gesture rate=52, p1=0, p2=52
2022/11/03 08:45:52.153324 Relay|Gesture rate=37, p1=0, p2=37
2022/11/03 08:45:53.155367 Relay|Gesture rate=58, p1=0, p2=58
2022/11/03 08:45:53.204088 Eng|Handling player:2 time:873258164049 rnd:33 action:grenade, state=0
2022/11/03 08:45:53.204162 Player 2 done
2022/11/03 08:45:53.204411 Viz|Pub to MQTT| {"player":2,"time":"873258164049","rnd":33,"action":"done","shootID":0}
2022/11/03 08:45:54.188368 Relay|Gesture rate=50, p1=0, p2=50
2022/11/03 08:45:55.224888 Relay|Gesture rate=52, p1=0, p2=52
2022/11/03 08:45:56.258505 Relay|Gesture rate=49, p1=0, p2=49
2022/11/03 08:45:57.293623 Relay|Gesture rate=49, p1=0, p2=49
2022/11/03 08:46:06.540306 Relay|Gesture rate=2, p1=0, p2=2
2022/11/03 08:46:06.658214 Eng|Handling player:2 time:886712179555 rnd:33 action:shield, state=3
2022/11/03 08:46:07.554042 Relay|Gesture rate=53, p1=0, p2=53
2022/11/03 08:46:08.589074 Relay|Gesture rate=50, p1=0, p2=50
2022/11/03 08:46:09.625300 Relay|Gesture rate=52, p1=0, p2=52
2022/11/03 08:46:10.631163 Relay|Gesture rate=66, p1=17, p2=49
2022/11/03 08:46:11.300464 Eng|Handling player:2 time:891347358263 rnd:33 action:shield, state=3
2022/11/03 08:46:11.645973 Relay|Gesture rate=81, p1=51, p2=30
2022/11/03 08:46:12.743539 Relay|Gesture rate=99, p1=48, p2=51
2022/11/03 08:46:13.764603 Relay|Gesture rate=54, p1=0, p2=54
2022/11/03 08:46:14.399902 Eng|Handling player:2 time:894453566108 rnd:33 action:shield, state=3
2022/11/03 08:46:14.799174 Relay|Gesture rate=31, p1=0, p2=31
2022/11/03 08:46:15.833929 Relay|Gesture rate=53, p1=0, p2=53
2022/11/03 08:46:17.231621 Relay|Gesture rate=47, p1=0, p2=47
2022/11/03 08:46:17.422993 Eng|Handling player:2 time:897470721245 rnd:33 action:grenade, state=3
2022/11/03 08:46:18.267175 Relay|Gesture rate=49, p1=0, p2=49
2022/11/03 08:46:19.300221 Relay|Gesture rate=45, p1=0, p2=45
2022/11/03 08:46:20.336559 Relay|Gesture rate=47, p1=0, p2=47
2022/11/03 08:46:20.703593 Eng|Handling player:2 time:900756980695 rnd:33 action:shield, state=3
2022/11/03 08:46:21.370104 Relay|Gesture rate=49, p1=0, p2=49
2022/11/03 08:46:22.404484 Relay|Gesture rate=47, p1=0, p2=47
2022/11/03 08:46:23.668168 Relay|Gesture rate=43, p1=0, p2=43
2022/11/03 08:46:23.803003 Eng|Handling player:2 time:903857212882 rnd:33 action:reload, state=3
2022/11/03 08:46:24.700991 Relay|Gesture rate=51, p1=0, p2=51
2022/11/03 08:46:25.702407 Relay|Gesture rate=48, p1=0, p2=48
2022/11/03 08:46:26.018972 Eng|Handling player:1 time:906060294705 rnd:33 action:reload, state=0
2022/11/03 08:46:26.019038 Player 1 done
2022/11/03 08:46:26.019064 Viz|Pub to MQTT| {"player":1,"time":"906060294705","rnd":33,"action":"done","shootID":0}
2022/11/03 08:46:26.019263 eval|Send {"p1":{"hp":20,"action":"reload","bullets":5,"grenades":0,"shield_time":0,"shield_health":0,"num_deaths":1,"num_shield":1},"p2":{"hp":50,"action":"grenade","bullets":1,"gren
ades":0,"shield_time":0,"shield_health":0,"num_deaths":1,"num_shield":0}}
2022/11/03 08:46:26.770930 Relay|Gesture rate=76, p1=41, p2=35
2022/11/03 08:46:27.799822 Relay|Gesture rate=105, p1=54, p2=51
2022/11/03 08:46:28.800442 Relay|Gesture rate=75, p1=26, p2=49
2022/11/03 08:46:30.506262 Relay|Gesture rate=12, p1=0, p2=12
2022/11/03 08:46:31.539996 Relay|Gesture rate=47, p1=0, p2=47
2022/11/03 08:46:32.576503 Relay|Gesture rate=46, p1=0, p2=46
2022/11/03 08:46:34.415571 Relay|Gesture rate=36, p1=1, p2=35
2022/11/03 08:46:35.450160 Relay|Gesture rate=60, p1=46, p2=14
2022/11/03 08:46:36.484190 Relay|Gesture rate=103, p1=53, p2=50
2022/11/03 08:46:37.484906 Relay|Gesture rate=70, p1=20, p2=50
2022/11/03 08:46:38.560872 Relay|Gesture rate=51, p1=0, p2=51
2022/11/03 08:46:39.597992 Relay|Gesture rate=49, p1=0, p2=49
2022/11/03 08:46:40.629187 Relay|Gesture rate=53, p1=0, p2=53
2022/11/03 08:46:41.664606 Relay|Gesture rate=51, p1=0, p2=51
2022/11/03 08:46:42.702898 Relay|Gesture rate=51, p1=0, p2=51
2022/11/03 08:46:44.681447 Relay|Gesture rate=37, p1=0, p2=37
2022/11/03 08:46:45.715241 Relay|Gesture rate=45, p1=0, p2=45
2022/11/03 08:46:46.749485 Relay|Gesture rate=53, p1=0, p2=53
2022/11/03 08:46:47.871622 Relay|Gesture rate=16, p1=1, p2=15
2022/11/03 08:46:48.904477 Relay|Gesture rate=48, p1=48, p2=0
2022/11/03 08:46:49.993621 Relay|Gesture rate=51, p1=51, p2=0
2022/11/03 08:46:52.106376 Relay|Gesture rate=11, p1=10, p2=1
2022/11/03 08:46:53.142399 Relay|Gesture rate=47, p1=0, p2=47
2022/11/03 08:46:54.174603 Relay|Gesture rate=54, p1=0, p2=54
2022/11/03 08:46:55.693860 eval|Received {"p1": {"hp": 10, "action": "grenade", "bullets": 5, "grenades": 0, "shield_time": 0, "shield_health": 0, "num_deaths": 1, "num_shield": 1}, "p2": {"hp": 50, "action": "
shoot", "bullets": 0, "grenades": 0, "shield_time": 0, "shield_health": 0, "num_deaths": 1, "num_shield": 0}}
2022/11/03 08:46:55.694534 Publish EvalResp, val=p1:{hp:10 action:grenade bullets:5 num_deaths:1 num_shield:1} p2:{hp:50 action:shoot num_deaths:1}
2022/11/03 08:46:55.694629 Publish Round(RoundT), val=34
2022/11/03 08:46:55.694777 Viz|Pub to MQTT| {"player":2,"time":"0","rnd":0,"action":"shoot","shootID":0}
2022/11/03 08:46:55.876432 Viz|Pub to MQTT| {"player":1,"time":"0","rnd":0,"action":"shot","shootID":0}
2022/11/03 08:46:56.055668 Viz|Pub to MQTT| {"p1":{"hp":10,"action":"grenade","bullets":5,"grenades":0,"shield_time":0,"shield_health":0,"num_deaths":1,"num_shield":1},"p2":{"hp":50,"action":"shoot","bullets":0
,"grenades":0,"shield_time":0,"shield_health":0,"num_deaths":1,"num_shield":0}}
2022/11/03 08:46:56.832385 Relay|Gesture rate=20, p1=0, p2=20
2022/11/03 08:46:56.973867 Eng|Handling player:2 time:937027604450 rnd:34 action:reload, state=0
2022/11/03 08:46:56.973930 Player 2 done
2022/11/03 08:46:56.974152 Viz|Pub to MQTT| {"player":2,"time":"937027604450","rnd":34,"action":"done","shootID":0}
2022/11/03 08:46:57.864551 Relay|Gesture rate=48, p1=0, p2=48
2022/11/03 08:46:58.901254 Relay|Gesture rate=49, p1=0, p2=49
2022/11/03 08:47:00.787653 Relay|Gesture rate=27, p1=1, p2=26
2022/11/03 08:47:01.103035 Eng|Handling player:1 time:941157204092 rnd:34 action:shield, state=0
2022/11/03 08:47:01.103101 Player 1 done
2022/11/03 08:47:01.103239 Viz|Pub to MQTT| {"player":1,"time":"941157204092","rnd":34,"action":"done","shootID":0}
2022/11/03 08:47:01.103280 eval|Send {"p1":{"hp":10,"action":"shield","bullets":5,"grenades":0,"shield_time":10,"shield_health":30,"num_deaths":1,"num_shield":0},"p2":{"hp":50,"action":"reload","bullets":6,"gre
nades":0,"shield_time":0,"shield_health":0,"num_deaths":1,"num_shield":0}}
2022/11/03 08:47:01.823150 Relay|Gesture rate=51, p1=51, p2=0
2022/11/03 08:47:02.855811 Relay|Gesture rate=52, p1=52, p2=0
2022/11/03 08:47:11.526902 Relay|Gesture rate=31, p1=31, p2=0
2022/11/03 08:47:12.532278 Relay|Gesture rate=59, p1=59, p2=0
2022/11/03 08:47:13.564588 Relay|Gesture rate=51, p1=51, p2=0
2022/11/03 08:47:17.235896 Relay|Gesture rate=25, p1=24, p2=1
2022/11/03 08:47:18.249651 Relay|Gesture rate=62, p1=0, p2=62
2022/11/03 08:47:19.331481 Relay|Gesture rate=47, p1=0, p2=47
2022/11/03 08:47:20.365642 Relay|Gesture rate=56, p1=0, p2=56
2022/11/03 08:47:21.526581 eval|Received {"p1": {"hp": 10, "action": "logout", "bullets": 5, "grenades": 0, "shield_time": 0, "shield_health": 0, "num_deaths": 1, "num_shield": 1}, "p2": {"hp": 50, "action": "l
ogout", "bullets": 0, "grenades": 0, "shield_time": 0, "shield_health": 0, "num_deaths": 1, "num_shield": 0}}
2022/11/03 08:47:21.527206 Publish EvalResp, val=p1:{hp:10 action:logout bullets:5 num_deaths:1 num_shield:1} p2:{hp:50 action:logout num_deaths:1}
2022/11/03 08:47:21.527255 Publish Round(RoundT), val=35
2022/11/03 08:47:21.527403 Viz|Pub to MQTT| {"player":1,"time":"0","rnd":0,"action":"logout","shootID":0}
2022/11/03 08:47:21.709955 Viz|Pub to MQTT| {"player":2,"time":"0","rnd":0,"action":"logout","shootID":0}
2022/11/03 08:47:21.888266 Viz|Pub to MQTT| {"p1":{"hp":10,"action":"logout","bullets":5,"grenades":0,"shield_time":0,"shield_health":0,"num_deaths":1,"num_shield":1},"p2":{"hp":50,"action":"logout","bullets":0
,"grenades":0,"shield_time":0,"shield_health":0,"num_deaths":1,"num_shield":0}}
2022/11/03 08:47:37.058801 Relay|Gesture rate=32, p1=1, p2=31
2022/11/03 08:47:38.094415 Relay|Gesture rate=53, p1=53, p2=0
2022/11/03 08:47:38.595149 Eng|Handling player:2 time:978649157456 rnd:35 action:shield, state=0
2022/11/03 08:47:38.595222 Player 2 done
2022/11/03 08:47:38.595272 Viz|Pub to MQTT| {"player":2,"time":"978649157456","rnd":35,"action":"done","shootID":0}
2022/11/03 08:47:39.130663 Relay|Gesture rate=56, p1=25, p2=31
2022/11/03 08:47:40.166305 Relay|Gesture rate=51, p1=0, p2=51
2022/11/03 08:47:41.249292 Relay|Gesture rate=50, p1=0, p2=50
2022/11/03 08:47:41.524400 Eng|Handling player:2 time:981575260205 rnd:35 action:reload, state=3
2022/11/03 08:47:42.280627 Relay|Gesture rate=52, p1=0, p2=52
2022/11/03 08:47:43.315360 Relay|Gesture rate=47, p1=0, p2=47
2022/11/03 08:47:44.351585 Relay|Gesture rate=48, p1=0, p2=48
2022/11/03 08:47:44.718142 Eng|Handling player:2 time:984770028214 rnd:35 action:shield, state=3
2022/11/03 08:47:45.385880 Relay|Gesture rate=50, p1=0, p2=50
2022/11/03 08:47:46.420691 Relay|Gesture rate=52, p1=0, p2=52
2022/11/03 08:47:47.103901 Eng|Handling player:2 time:987157302471 rnd:35 action:reload, state=3
2022/11/03 08:47:47.455577 Relay|Gesture rate=40, p1=0, p2=40
2022/11/03 08:47:48.490346 Relay|Gesture rate=53, p1=0, p2=53
2022/11/03 08:47:49.525634 Relay|Gesture rate=49, p1=0, p2=49
2022/11/03 08:47:50.560414 Relay|Gesture rate=51, p1=0, p2=51
2022/11/03 08:47:51.597061 Relay|Gesture rate=51, p1=0, p2=51
2022/11/03 08:47:52.630506 Relay|Gesture rate=53, p1=0, p2=53
2022/11/03 08:47:53.666115 Relay|Gesture rate=48, p1=0, p2=48
2022/11/03 08:47:54.700449 Relay|Gesture rate=40, p1=0, p2=40
2022/11/03 08:47:55.736646 Relay|Gesture rate=52, p1=0, p2=52
2022/11/03 08:47:57.584126 Relay|Gesture rate=42, p1=0, p2=42
2022/11/03 08:47:57.723860 Eng|Handling player:2 time:997777974755 rnd:35 action:reload, state=3
2022/11/03 08:47:58.616541 Relay|Gesture rate=49, p1=0, p2=49
2022/11/03 08:47:59.651732 Relay|Gesture rate=50, p1=0, p2=50
2022/11/03 08:48:00.916154 Relay|Gesture rate=33, p1=0, p2=33
2022/11/03 08:48:01.365341 Eng|Handling player:2 time:1001419278611 rnd:35 action:shield, state=3
2022/11/03 08:48:01.945955 Relay|Gesture rate=46, p1=0, p2=46
2022/11/03 08:48:02.981107 Relay|Gesture rate=52, p1=0, p2=52
2022/11/03 08:48:04.782399 Relay|Gesture rate=44, p1=0, p2=44
2022/11/03 08:48:04.969559 Eng|Handling player:2 time:1005020142471 rnd:35 action:reload, state=3
2022/11/03 08:48:05.816374 Relay|Gesture rate=48, p1=0, p2=48
2022/11/03 08:48:06.850306 Relay|Gesture rate=53, p1=0, p2=53
2022/11/03 08:48:08.922650 Relay|Gesture rate=28, p1=0, p2=28
2022/11/03 08:48:09.194764 Eng|Handling player:2 time:1009248894581 rnd:35 action:reload, state=3
2022/11/03 08:48:09.955907 Relay|Gesture rate=51, p1=0, p2=51
2022/11/03 08:48:10.992196 Relay|Gesture rate=49, p1=0, p2=49
2022/11/03 08:48:12.698349 Relay|Gesture rate=18, p1=1, p2=17
2022/11/03 08:48:13.118018 Eng|Handling player:2 time:1013167766680 rnd:35 action:reload, state=3
2022/11/03 08:48:13.730537 Relay|Gesture rate=93, p1=51, p2=42
2022/11/03 08:48:14.772101 Relay|Gesture rate=77, p1=25, p2=52
2022/11/03 08:48:16.798293 Relay|Gesture rate=28, p1=0, p2=28
2022/11/03 08:48:17.069348 Eng|Handling player:2 time:1017123595726 rnd:35 action:reload, state=3
2022/11/03 08:48:17.835837 Relay|Gesture rate=48, p1=0, p2=48
2022/11/03 08:48:18.866986 Relay|Gesture rate=51, p1=0, p2=51
2022/11/03 08:48:20.399278 Relay|Gesture rate=13, p1=0, p2=13
2022/11/03 08:48:20.585903 Eng|Handling player:2 time:1020638457160 rnd:35 action:reload, state=3
2022/11/03 08:48:21.420751 Relay|Gesture rate=41, p1=0, p2=41
2022/11/03 08:48:22.452752 Relay|Gesture rate=53, p1=0, p2=53
2022/11/03 08:48:23.105164 Eng|Handling player:2 time:1023155889222 rnd:35 action:shield, state=3
2022/11/03 08:48:23.457792 Relay|Gesture rate=41, p1=0, p2=41
2022/11/03 08:48:24.498123 Relay|Gesture rate=47, p1=0, p2=47
2022/11/03 08:48:25.526824 Relay|Gesture rate=51, p1=0, p2=51
2022/11/03 08:48:28.895083 Relay|Gesture rate=9, p1=0, p2=9
2022/11/03 08:48:29.089554 Eng|Handling player:2 time:1029139952708 rnd:35 action:shield, state=3
2022/11/03 08:48:29.936702 Relay|Gesture rate=55, p1=0, p2=55
2022/11/03 08:48:30.973005 Relay|Gesture rate=51, p1=0, p2=51
2022/11/03 08:48:32.005958 Relay|Gesture rate=49, p1=0, p2=49
2022/11/03 08:48:33.043324 Relay|Gesture rate=40, p1=0, p2=40
2022/11/03 08:48:33.270397 Eng|Handling player:2 time:1033324577858 rnd:35 action:shield, state=3
2022/11/03 08:48:34.075631 Relay|Gesture rate=52, p1=0, p2=52
2022/11/03 08:48:35.110870 Relay|Gesture rate=49, p1=0, p2=49
2022/11/03 08:48:36.145736 Relay|Gesture rate=52, p1=0, p2=52
2022/11/03 08:48:37.181088 Relay|Gesture rate=47, p1=0, p2=47
2022/11/03 08:48:38.216617 Relay|Gesture rate=51, p1=0, p2=51
2022/11/03 08:48:39.743001 Relay|Gesture rate=15, p1=1, p2=14
2022/11/03 08:48:40.073133 Eng|Handling player:2 time:1040123385664 rnd:35 action:reload, state=3
2022/11/03 08:48:40.776450 Relay|Gesture rate=87, p1=51, p2=36
2022/11/03 08:48:41.810429 Relay|Gesture rate=102, p1=50, p2=52
2022/11/03 08:48:42.846968 Relay|Gesture rate=96, p1=48, p2=48
2022/11/03 08:48:43.885858 Relay|Gesture rate=91, p1=41, p2=50
2022/11/03 08:48:44.921359 Relay|Gesture rate=49, p1=0, p2=49
2022/11/03 08:48:45.956273 Relay|Gesture rate=47, p1=0, p2=47
2022/11/03 08:48:46.990889 Relay|Gesture rate=52, p1=0, p2=52
2022/11/03 08:48:48.248245 Relay|Gesture rate=39, p1=1, p2=38
2022/11/03 08:48:48.610417 Eng|Handling player:1 time:1048664270669 rnd:35 action:shield, state=0
2022/11/03 08:48:48.610484 Player 1 done
2022/11/03 08:48:48.610575 Viz|Pub to MQTT| {"player":1,"time":"1048664270669","rnd":35,"action":"done","shootID":0}
2022/11/03 08:48:48.610677 eval|Send {"p1":{"hp":10,"action":"shield","bullets":5,"grenades":0,"shield_time":10,"shield_health":30,"num_deaths":1,"num_shield":0},"p2":{"hp":50,"action":"shield","bullets":0,"gre
nades":0,"shield_time":0,"shield_health":0,"num_deaths":1,"num_shield":0}}
2022/11/03 08:48:48.610940 EOF
>
> ./ecomm -evalAddr "127.0.0.1:8088"
2022/11/03 08:48:54.752509 Eval|Connected
2022/11/03 08:48:54.752755 Subscribe pb.Event
2022/11/03 08:48:54.752771 Subscribe pb.InFovResp
2022/11/03 08:48:54.752804 Subscribe Round(RoundT)
2022/11/03 08:48:54.754277 Subscribe pb.Data
2022/11/03 08:48:54.754349 Subscribe EvalResp
2022/11/03 08:48:54.754367 Subscribe pb.Event
2022/11/03 08:48:55.269499 Relay|running
2022/11/03 08:49:10.458066 Relay|gesture started
2022/11/03 08:49:10.459040 Relay|Gesture rate=1, p1=1, p2=0
2022/11/03 08:49:10.459213 Relay|shoot started
2022/11/03 08:49:10.459647 Relay|shot started
2022/11/03 08:49:10.459923 Relay|getRound started
2022/11/03 08:49:10.664843 Eng|Handling player:1 time:15730240097 rnd:1 action:logout, state=0
2022/11/03 08:49:10.664917 Player 1 done
2022/11/03 08:49:10.664883 Viz|Pub to MQTT| {"player":1,"time":"15730240097","rnd":1,"action":"done","shootID":0}
2022/11/03 08:49:11.469534 Relay|Gesture rate=260, p1=157, p2=103
2022/11/03 08:49:12.509112 Relay|Gesture rate=77, p1=26, p2=51
2022/11/03 08:49:13.568046 Relay|Gesture rate=55, p1=0, p2=55
2022/11/03 08:49:14.577165 Relay|Gesture rate=50, p1=0, p2=50
2022/11/03 08:49:15.611623 Relay|Gesture rate=52, p1=0, p2=52
2022/11/03 08:49:16.646571 Relay|Gesture rate=51, p1=0, p2=51
2022/11/03 08:49:17.681635 Relay|Gesture rate=50, p1=0, p2=50
2022/11/03 08:49:18.760976 Relay|Gesture rate=42, p1=0, p2=42
2022/11/03 08:49:19.027212 rpc error: code = Canceled desc = context canceled
~/cg4002 --------------------------------------------------------------------------~/cg4002 -----------------------~/cg4002 ------------------------------------------------------- took 24s py pynq-venv with xil
> ./ecomm -evalAddr "127.0.0.1:8088"
2022/11/03 08:53:14.160784 Eval|Connected
2022/11/03 08:53:14.161046 Subscribe pb.Event
2022/11/03 08:53:14.161065 Subscribe pb.InFovResp
2022/11/03 08:53:14.161100 Subscribe Round(RoundT)
2022/11/03 08:53:14.162678 Subscribe pb.Data
2022/11/03 08:53:14.162744 Subscribe EvalResp
2022/11/03 08:53:14.162763 Subscribe pb.Event
2022/11/03 08:53:14.702718 Relay|running
2022/11/03 08:54:29.525934 Relay|shoot started
2022/11/03 08:54:29.525991 Relay|shot started
2022/11/03 08:54:29.525934 Relay|gesture started
2022/11/03 08:54:29.526353 Relay|getRound started
2022/11/03 08:54:29.526736 Relay|Gesture rate=1, p1=1, p2=0
2022/11/03 08:54:32.945168 Relay|Gesture rate=1, p1=0, p2=1
2022/11/03 08:54:33.247749 Eng|Handling player:2 time:79078284042 rnd:1 action:shield, state=0
2022/11/03 08:54:33.247819 Player 2 done
2022/11/03 08:54:33.247766 Viz|Pub to MQTT| {"player":2,"time":"79078284042","rnd":1,"action":"done","shootID":0}
2022/11/03 08:54:33.956112 Relay|Gesture rate=52, p1=0, p2=52
2022/11/03 08:54:34.990396 Relay|Gesture rate=51, p1=0, p2=51
2022/11/03 08:54:36.025662 Relay|Gesture rate=52, p1=0, p2=52
2022/11/03 08:54:37.060585 Relay|Gesture rate=51, p1=0, p2=51
2022/11/03 08:54:38.116062 Relay|Gesture rate=119, p1=72, p2=47
2022/11/03 08:54:38.127006 Eng|Handling player:1 time:83822389264 rnd:1 action:logout, state=0
2022/11/03 08:54:38.127555 Player 1 done
2022/11/03 08:54:38.127350 Viz|Pub to MQTT| {"player":1,"time":"83822389264","rnd":1,"action":"done","shootID":0}
2022/11/03 08:54:38.128840 eval|Send {"p1":{"hp":100,"action":"logout","bullets":6,"grenades":2,"shield_time":0,"shield_health":0,"num_deaths":0,"num_shield":3},"p2":{"hp":100,"action":"shield","bullets":6,"gre
nades":2,"shield_time":10,"shield_health":30,"num_deaths":0,"num_shield":2}}
2022/11/03 08:54:38.129330 write tcp 127.0.0.1:52512->127.0.0.1:8088: write: broken pipe
> ./ecomm -evalAddr "127.0.0.1:8088"
2022/11/03 08:54:55.607420 Eval|Connected
2022/11/03 08:54:55.607676 Subscribe pb.Event
2022/11/03 08:54:55.607692 Subscribe pb.InFovResp
2022/11/03 08:54:55.607723 Subscribe Round(RoundT)
2022/11/03 08:54:55.609275 Subscribe pb.Data
2022/11/03 08:54:55.609373 Subscribe EvalResp
2022/11/03 08:54:55.609390 Subscribe pb.Event
2022/11/03 08:54:56.318474 Relay|running
2022/11/03 08:55:07.448483 Relay|gesture started
2022/11/03 08:55:07.448611 Relay|shoot started
2022/11/03 08:55:07.448752 Relay|shot started
2022/11/03 08:55:07.448849 Relay|getRound started
2022/11/03 08:55:10.894488 Relay|Gesture rate=1, p1=1, p2=0
2022/11/03 08:55:10.952496 Eng|Handling player:1 time:15333351856 rnd:1 action:shield, state=0
2022/11/03 08:55:10.952565 Player 1 done
2022/11/03 08:55:10.952660 Viz|Pub to MQTT| {"player":1,"time":"15333351856","rnd":1,"action":"done","shootID":0}
2022/11/03 08:55:11.930386 Relay|Gesture rate=62, p1=62, p2=0
2022/11/03 08:55:12.964280 Relay|Gesture rate=48, p1=48, p2=0
2022/11/03 08:55:13.648820 Eng|Handling player:1 time:18034419818 rnd:1 action:shield, state=3
2022/11/03 08:55:13.986497 Relay|Gesture rate=37, p1=37, p2=0
2022/11/03 08:55:14.990176 Relay|Gesture rate=52, p1=52, p2=0
2022/11/03 08:55:16.000006 Relay|Gesture rate=50, p1=50, p2=0
2022/11/03 08:55:16.930418 Eng|Handling player:1 time:21319352552 rnd:1 action:shield, state=3
2022/11/03 08:55:17.018378 Relay|Gesture rate=16, p1=16, p2=0
2022/11/03 08:55:18.063044 Relay|Gesture rate=47, p1=47, p2=0
2022/11/03 08:55:19.084861 Relay|Gesture rate=51, p1=51, p2=0
2022/11/03 08:55:20.210431 Relay|Gesture rate=6, p1=6, p2=0
2022/11/03 08:55:20.483456 Eng|Handling player:1 time:24872476886 rnd:1 action:shield, state=3
2022/11/03 08:55:21.244705 Relay|Gesture rate=49, p1=49, p2=0
2022/11/03 08:55:22.283417 Relay|Gesture rate=51, p1=51, p2=0
2022/11/03 08:55:23.911655 Relay|Gesture rate=34, p1=33, p2=1
2022/11/03 08:55:24.095267 Eng|Handling player:2 time:28480727665 rnd:1 action:reload, state=0
2022/11/03 08:55:24.095342 Player 2 done
2022/11/03 08:55:24.095469 Viz|Pub to MQTT| {"player":2,"time":"28480727665","rnd":1,"action":"done","shootID":0}
2022/11/03 08:55:24.096033 eval|Send {"p1":{"hp":100,"action":"shield","bullets":6,"grenades":2,"shield_time":10,"shield_health":30,"num_deaths":0,"num_shield":2},"p2":{"hp":100,"action":"reload","bullets":6,"g
renades":2,"shield_time":0,"shield_health":0,"num_deaths":0,"num_shield":3}}
2022/11/03 08:55:24.096429 write tcp 127.0.0.1:52520->127.0.0.1:8088: write: broken pipe
~/cg4002 -----------------------------------------------------------------------------------------------------------------------------------------~/cg4002 -------------------------------------------------------
>
>
>
> ./ecomm -evalAddr "127.0.0.1:8088"
2022/11/03 08:56:54.097011 Subscribe pb.Event
2022/11/03 08:56:54.097238 Subscribe pb.InFovResp
2022/11/03 08:56:54.097274 Subscribe Round(RoundT)
2022/11/03 08:56:54.099135 Subscribe pb.Data
2022/11/03 08:56:54.099225 Subscribe EvalResp
2022/11/03 08:56:54.099244 Subscribe pb.Event
2022/11/03 08:56:54.620699 Relay|running
2022/11/03 08:57:49.953693 Relay|gesture started
2022/11/03 08:57:49.953867 Relay|shoot started
2022/11/03 08:57:49.954038 Relay|shot started
2022/11/03 08:57:49.954112 Relay|getRound started
2022/11/03 08:57:51.850012 Relay|Gesture rate=1, p1=1, p2=0
2022/11/03 08:57:52.009184 Eng|Handling player:1  time:57904770695  rnd:1  action:shield, state=0
2022/11/03 08:57:52.009250 Viz|Pub to MQTT| {"player":1, "time":"57904770695", "rnd":1, "action":"done", "shootID":0}
2022/11/03 08:57:52.009256 Player 1 done
2022/11/03 08:57:52.854604 Relay|Gesture rate=63, p1=63, p2=0
2022/11/03 08:57:53.890260 Relay|Gesture rate=49, p1=49, p2=0
2022/11/03 08:57:54.925201 Relay|Gesture rate=51, p1=51, p2=0
2022/11/03 08:57:55.959846 Relay|Gesture rate=51, p1=51, p2=0
2022/11/03 08:57:57.003889 Relay|Gesture rate=27, p1=26, p2=1
2022/11/03 08:57:58.081644 Relay|Gesture rate=49, p1=0, p2=49
2022/11/03 08:57:58.441788 Eng|Handling player:1  time:64339599240  rnd:1  action:shield, state=3
2022/11/03 08:57:58.584916 Eng|Handling player:2  time:64480517814  rnd:1  action:reload, state=0
2022/11/03 08:57:58.585409 Player 2 done
2022/11/03 08:57:58.586306 Publish EvalResp, val=p1:{hp:100  action:shield  bullets:6  grenades:2  shield_time:10  shield_health:30  num_shield:2}  p2:{hp:100  action:reload  bullets:6  grenades:2  num_shield:3
}
2022/11/03 08:57:58.585359 Viz|Pub to MQTT| {"player":2, "time":"64480517814", "rnd":1, "action":"done", "shootID":0}
2022/11/03 08:57:58.587176 Publish Round(RoundT), val=2
2022/11/03 08:57:58.587568 Viz|Pub to MQTT| {"player":1, "time":"0", "rnd":0, "action":"shield", "shootID":0}
2022/11/03 08:57:58.759140 Viz|Pub to MQTT| {"p1":{"hp":100, "action":"shield", "bullets":6, "grenades":2, "shield_time":10, "shield_health":30, "num_deaths":0, "num_shield":2}, "p2":{"hp":100, "action":"reload
", "bullets":6, "grenades":2, "shield_time":0, "shield_health":0, "num_deaths":0, "num_shield":3}}
2022/11/03 08:57:59.109197 Relay|Gesture rate=91, p1=39, p2=52
2022/11/03 08:58:00.143967 Relay|Gesture rate=74, p1=51, p2=23
2022/11/03 08:58:06.589897 Relay|Gesture rate=29, p1=28, p2=1
2022/11/03 08:58:06.819963 Eng|Handling player:2  time:72715563277  rnd:2  action:reload, state=0
2022/11/03 08:58:06.820029 Player 2 done
2022/11/03 08:58:06.820170 Viz|Pub to MQTT| {"player":2, "time":"72715563277", "rnd":2, "action":"done", "shootID":0}
2022/11/03 08:58:07.621693 Relay|Gesture rate=47, p1=0, p2=47
2022/11/03 08:58:08.586617 Viz|Pub to MQTT| {"player":1, "time":"0", "rnd":0, "action":"shieldAvailable", "shootID":0}
2022/11/03 08:58:08.657663 Relay|Gesture rate=51, p1=0, p2=51
2022/11/03 08:58:12.186957 Relay|Gesture rate=24, p1=0, p2=24
2022/11/03 08:58:13.202389 Relay|Gesture rate=59, p1=0, p2=59
2022/11/03 08:58:19.124579 Relay|Gesture rate=21, p1=0, p2=21
2022/11/03 08:58:19.165003 Eng|Handling player:2  time:85049972391  rnd:2  action:logout, state=3
2022/11/03 08:58:20.131868 Relay|Gesture rate=64, p1=0, p2=64
2022/11/03 08:58:23.344567 Relay|Gesture rate=43, p1=0, p2=43
2022/11/03 08:58:23.380833 Eng|Handling player:2  time:89275820570  rnd:2  action:reload, state=3
2022/11/03 08:58:24.361949 Relay|Gesture rate=56, p1=0, p2=56
2022/11/03 08:58:25.390808 Relay|Gesture rate=46, p1=0, p2=46
2022/11/03 08:58:26.432725 Relay|Gesture rate=56, p1=0, p2=56
2022/11/03 08:58:27.468495 Relay|Gesture rate=51, p1=0, p2=51
2022/11/03 08:58:29.314024 Relay|Gesture rate=40, p1=0, p2=40
2022/11/03 08:58:29.409627 Eng|Handling player:2  time:95308067108  rnd:2  action:reload, state=3
2022/11/03 08:58:30.348196 Relay|Gesture rate=49, p1=0, p2=49
2022/11/03 08:58:31.382012 Relay|Gesture rate=49, p1=0, p2=49
2022/11/03 08:58:31.963320 Eng|Handling player:1  time:97862298546  rnd:2  action:shield, state=0
2022/11/03 08:58:31.963385 Player 1 done
2022/11/03 08:58:31.963430 Viz|Pub to MQTT| {"player":1, "time":"97862298546", "rnd":2, "action":"done", "shootID":0}
2022/11/03 08:58:31.963601 Publish EvalResp, val=p1:{hp:100  action:shield  bullets:6  grenades:2  shield_time:10  shield_health:30  num_shield:1}  p2:{hp:100  action:reload  bullets:6  grenades:2  num_shield:3
}
2022/11/03 08:58:31.963633 Publish Round(RoundT), val=3
2022/11/03 08:58:31.963691 Viz|Pub to MQTT| {"player":1, "time":"0", "rnd":0, "action":"shield", "shootID":0}
2022/11/03 08:58:32.135800 Viz|Pub to MQTT| {"p1":{"hp":100, "action":"shield", "bullets":6, "grenades":2, "shield_time":10, "shield_health":30, "num_deaths":0, "num_shield":1}, "p2":{"hp":100, "action":"reload
", "bullets":6, "grenades":2, "shield_time":0, "shield_health":0, "num_deaths":0, "num_shield":3}}
2022/11/03 08:58:32.409530 Relay|Gesture rate=58, p1=30, p2=28
2022/11/03 08:58:33.449645 Relay|Gesture rate=52, p1=52, p2=0
2022/11/03 08:58:35.658818 Relay|Gesture rate=40, p1=39, p2=1
2022/11/03 08:58:35.795898 Eng|Handling player:2  time:101695221837  rnd:3  action:reload, state=0
2022/11/03 08:58:35.795966 Player 2 done
2022/11/03 08:58:35.796122 Viz|Pub to MQTT| {"player":2, "time":"101695221837", "rnd":3, "action":"done", "shootID":0}
2022/11/03 08:58:36.694046 Relay|Gesture rate=47, p1=0, p2=47
2022/11/03 08:58:37.694956 Relay|Gesture rate=46, p1=0, p2=46
2022/11/03 08:58:38.038582 Eng|Handling player:1  time:103937850641  rnd:3  action:grenade, state=0
2022/11/03 08:58:38.038662 Player 1 done
2022/11/03 08:58:38.038583 Viz|Pub to MQTT| {"player":1, "time":"103937850641", "rnd":3, "action":"done", "shootID":0}
2022/11/03 08:58:38.038715 Eng|Handling player:1  time:103937850641  rnd:3  action:checkFov, state=1
2022/11/03 08:58:38.038816 Viz|Pub to MQTT| {"player":1, "time":"103937850641", "rnd":3, "action":"checkFov", "shootID":0}
2022/11/03 08:58:38.709436 Relay|Gesture rate=64, p1=38, p2=26
2022/11/03 08:58:39.710030 Relay|Gesture rate=52, p1=50, p2=2
2022/11/03 08:58:39.846109 Eng|Handling player:2  time:105745232681  rnd:3  action:reload, state=3
2022/11/03 08:58:40.742200 Relay|Gesture rate=94, p1=48, p2=46
2022/11/03 08:58:41.553101 Eng|Handling player:1  time:107450642550  rnd:3  action:reload, state=1
2022/11/03 08:58:41.769473 Relay|Gesture rate=74, p1=21, p2=53
2022/11/03 08:58:41.964132 Viz|Pub to MQTT| {"player":1, "time":"0", "rnd":0, "action":"shieldAvailable", "shootID":0}
2022/11/03 08:58:42.804475 Relay|Gesture rate=83, p1=52, p2=31
2022/11/03 08:58:43.224580 Eng|Handling player:2  time:109120563228  rnd:3  action:grenade, state=3
2022/11/03 08:58:43.805085 Relay|Gesture rate=89, p1=43, p2=46
2022/11/03 08:58:44.830073 Relay|Gesture rate=51, p1=1, p2=50
2022/11/03 08:58:45.014344 Eng|Handling player:1  time:110913222125  rnd:3  action:shield, state=1
2022/11/03 08:58:45.864942 Relay|Gesture rate=95, p1=51, p2=44
2022/11/03 08:58:46.644543 Eng|Handling player:2  time:112542347244  rnd:3  action:shield, state=3
2022/11/03 08:58:46.899688 Relay|Gesture rate=67, p1=47, p2=20
2022/11/03 08:58:47.934351 Relay|Gesture rate=75, p1=24, p2=51
2022/11/03 08:58:48.131188 Eng|Handling player:1  time:114020171529  rnd:3  action:grenade, state=1
2022/11/03 08:58:48.969639 Relay|Gesture rate=97, p1=48, p2=49
2022/11/03 08:58:49.747602 Eng|Handling player:2  time:115646733254  rnd:3  action:reload, state=3
2022/11/03 08:58:49.969775 Relay|Gesture rate=91, p1=46, p2=45
2022/11/03 08:58:51.003504 Relay|Gesture rate=88, p1=39, p2=49
2022/11/03 08:58:51.365011 Eng|Handling player:1  time:117260378559  rnd:3  action:grenade, state=1
2022/11/03 08:58:52.029397 Relay|Gesture rate=89, p1=41, p2=48
2022/11/03 08:58:52.766222 Eng|Handling player:2  time:118661734795  rnd:3  action:grenade, state=3
2022/11/03 08:58:53.064792 Relay|Gesture rate=76, p1=47, p2=29
2022/11/03 08:58:54.065250 Relay|Gesture rate=101, p1=49, p2=52
2022/11/03 08:58:54.782608 Eng|Handling player:1  time:120679388512  rnd:3  action:reload, state=1
2022/11/03 08:58:55.089684 Relay|Gesture rate=88, p1=42, p2=46
2022/11/03 08:58:56.128866 Relay|Gesture rate=84, p1=50, p2=34
2022/11/03 08:58:56.315695 Eng|Handling player:2  time:122215050436  rnd:3  action:reload, state=3
2022/11/03 08:58:57.168392 Relay|Gesture rate=76, p1=27, p2=49
2022/11/03 08:58:58.154282 Eng|Handling player:1  time:124053532592  rnd:3  action:shield, state=1
2022/11/03 08:58:58.194976 Relay|Gesture rate=55, p1=7, p2=48
2022/11/03 08:58:59.229612 Relay|Gesture rate=80, p1=49, p2=31
2022/11/03 08:58:59.920443 Eng|Handling player:2  time:125816024307  rnd:3  action:grenade, state=3
2022/11/03 08:59:00.264754 Relay|Gesture rate=79, p1=50, p2=29
2022/11/03 08:59:01.218495 Eng|Handling player:1  time:127114001727  rnd:3  action:grenade, state=1
2022/11/03 08:59:01.300542 Relay|Gesture rate=68, p1=21, p2=47
2022/11/03 08:59:02.334650 Relay|Gesture rate=100, p1=47, p2=53
2022/11/03 08:59:03.369492 Relay|Gesture rate=105, p1=53, p2=52
2022/11/03 08:59:04.370948 Relay|Gesture rate=68, p1=21, p2=47
2022/11/03 08:59:05.403297 Relay|Gesture rate=50, p1=0, p2=50
2022/11/03 08:59:06.442751 Relay|Gesture rate=52, p1=0, p2=52
2022/11/03 08:59:07.470997 Relay|Gesture rate=49, p1=0, p2=49
2022/11/03 08:59:09.183942 Relay|Gesture rate=49, p1=0, p2=49
2022/11/03 08:59:09.869323 Eng|Handling player:2  time:135765043092  rnd:3  action:logout, state=3
2022/11/03 08:59:10.217044 Relay|Gesture rate=47, p1=0, p2=47
2022/11/03 08:59:11.251936 Relay|Gesture rate=52, p1=0, p2=52
2022/11/03 08:59:12.287928 Relay|Gesture rate=52, p1=0, p2=52
2022/11/03 08:59:14.576791 Relay|Gesture rate=46, p1=1, p2=45
2022/11/03 08:59:14.862825 Eng|Handling player:2  time:140758315208  rnd:3  action:reload, state=3
2022/11/03 08:59:15.036770 Eng|Handling player:1  time:140932611224  rnd:3  action:logout, state=1
2022/11/03 08:59:15.610154 Relay|Gesture rate=90, p1=48, p2=42
2022/11/03 08:59:16.645948 Relay|Gesture rate=102, p1=53, p2=49
2022/11/03 08:59:18.768993 Relay|Gesture rate=49, p1=38, p2=11
2022/11/03 08:59:19.401400 Eng|Handling player:2  time:145300417554  rnd:3  action:logout, state=3
2022/11/03 08:59:19.802950 Relay|Gesture rate=48, p1=0, p2=48
2022/11/03 08:59:20.837370 Relay|Gesture rate=53, p1=0, p2=53
2022/11/03 08:59:21.917427 Relay|Gesture rate=48, p1=0, p2=48
2022/11/03 08:59:22.944428 Relay|Gesture rate=32, p1=27, p2=5
2022/11/03 08:59:22.998195 Eng|Handling player:1  time:148893673771  rnd:3  action:logout, state=1
2022/11/03 08:59:23.979933 Relay|Gesture rate=50, p1=50, p2=0
2022/11/03 08:59:24.444735 Eng|Handling player:2  time:150340524010  rnd:3  action:shield, state=3
2022/11/03 08:59:25.016346 Relay|Gesture rate=100, p1=53, p2=47
2022/11/03 08:59:26.057385 Relay|Gesture rate=69, p1=16, p2=53
2022/11/03 08:59:26.687333 Eng|Handling player:1  time:152583384019  rnd:3  action:grenade, state=1
2022/11/03 08:59:27.086416 Relay|Gesture rate=69, p1=25, p2=44
2022/11/03 08:59:28.119524 Relay|Gesture rate=60, p1=53, p2=7
2022/11/03 08:59:29.155041 Relay|Gesture rate=97, p1=47, p2=50
2022/11/03 08:59:30.197729 Relay|Gesture rate=67, p1=16, p2=51
2022/11/03 08:59:30.656694 Eng|Handling player:2  time:156552006942  rnd:3  action:reload, state=3
2022/11/03 08:59:31.237503 Relay|Gesture rate=49, p1=0, p2=49
2022/11/03 08:59:32.267236 Relay|Gesture rate=51, p1=0, p2=51
2022/11/03 08:59:33.258719 Eng|Handling player:1  time:159154028374  rnd:3  action:reload, state=1
2022/11/03 08:59:33.294955 Relay|Gesture rate=54, p1=10, p2=44
2022/11/03 08:59:34.330837 Relay|Gesture rate=51, p1=51, p2=0
2022/11/03 08:59:34.790681 Eng|Handling player:2  time:160689883429  rnd:3  action:reload, state=3
2022/11/03 08:59:35.333504 Relay|Gesture rate=83, p1=48, p2=35
2022/11/03 08:59:36.362907 Relay|Gesture rate=58, p1=6, p2=52
2022/11/03 08:59:37.034155 Eng|Handling player:1  time:162933417615  rnd:3  action:reload, state=1
2022/11/03 08:59:37.390209 Relay|Gesture rate=66, p1=23, p2=43
2022/11/03 08:59:38.426157 Relay|Gesture rate=52, p1=50, p2=2
2022/11/03 08:59:38.978816 Eng|Handling player:2  time:164876464682  rnd:3  action:grenade, state=3
2022/11/03 08:59:39.469561 Relay|Gesture rate=75, p1=46, p2=29
2022/11/03 08:59:40.502898 Relay|Gesture rate=50, p1=0, p2=50
2022/11/03 08:59:41.538615 Relay|Gesture rate=49, p1=0, p2=49
2022/11/03 09:00:13.917805 Relay|Gesture rate=3, p1=0, p2=3
2022/11/03 09:00:14.176188 Eng|Handling player:2  time:200071162352  rnd:3  action:grenade, state=3
2022/11/03 09:00:14.929045 Relay|Gesture rate=61, p1=0, p2=61
2022/11/03 09:00:26.317304 Relay|Gesture rate=49, p1=0, p2=49
2022/11/03 09:00:27.349420 Relay|Gesture rate=61, p1=0, p2=61
2022/11/03 09:00:28.384480 Relay|Gesture rate=50, p1=0, p2=50
2022/11/03 09:00:29.419287 Relay|Gesture rate=13, p1=0, p2=13
2022/11/03 09:00:30.454287 Relay|Gesture rate=47, p1=0, p2=47
2022/11/03 09:00:30.458896 Eng|Handling player:2  time:216357587421  rnd:3  action:grenade, state=3
2022/11/03 09:00:31.489528 Relay|Gesture rate=51, p1=0, p2=51
2022/11/03 09:00:32.524994 Relay|Gesture rate=49, p1=0, p2=49
2022/11/03 09:00:38.957723 Relay|Gesture rate=27, p1=0, p2=27
2022/11/03 09:00:39.994956 Relay|Gesture rate=60, p1=0, p2=60
2022/11/03 09:00:41.031109 Relay|Gesture rate=49, p1=0, p2=49
2022/11/03 09:00:44.413372 Relay|Gesture rate=29, p1=0, p2=29
2022/11/03 09:00:45.084204 Eng|Handling player:2  time:230983515185  rnd:3  action:reload, state=3
2022/11/03 09:00:45.440649 Relay|Gesture rate=62, p1=0, p2=62
2022/11/03 09:00:46.474685 Relay|Gesture rate=48, p1=0, p2=48
2022/11/03 09:00:46.802267 Eng|Handling player:2  time:232698037441  rnd:3  action:reload, state=3
2022/11/03 09:00:47.510851 Relay|Gesture rate=40, p1=0, p2=40
2022/11/03 09:00:49.573879 Relay|Gesture rate=47, p1=1, p2=46
2022/11/03 09:00:49.813891 Eng|Handling player:1  time:235705345697  rnd:3  action:reload, state=1
2022/11/03 09:00:50.592301 Relay|Gesture rate=42, p1=42, p2=0
2022/11/03 09:00:51.233061 Eng|Handling player:2  time:237124766671  rnd:3  action:reload, state=3
2022/11/03 09:00:51.600110 Relay|Gesture rate=87, p1=55, p2=32
2022/11/03 09:00:52.639786 Relay|Gesture rate=64, p1=14, p2=50
2022/11/03 09:00:53.043782 Eng|Handling player:1  time:238943067723  rnd:3  action:grenade, state=1
2022/11/03 09:00:53.668081 Relay|Gesture rate=83, p1=42, p2=41
2022/11/03 09:00:54.354351 Eng|Handling player:2  time:240253742021  rnd:3  action:grenade, state=3
2022/11/03 09:00:54.702698 Relay|Gesture rate=93, p1=51, p2=42
2022/11/03 09:00:55.703056 Relay|Gesture rate=98, p1=50, p2=48
2022/11/03 09:00:56.735731 Relay|Gesture rate=52, p1=0, p2=52
2022/11/03 09:00:59.211951 Relay|Gesture rate=12, p1=0, p2=12
2022/11/03 09:00:59.566637 Eng|Handling player:1  time:245465651689  rnd:3  action:reload, state=1
2022/11/03 09:00:59.938316 Eng|Handling player:2  time:245834056269  rnd:3  action:logout, state=3
2022/11/03 09:01:00.237274 Relay|Gesture rate=89, p1=40, p2=49
2022/11/03 09:01:01.273582 Relay|Gesture rate=102, p1=50, p2=52
2022/11/03 09:01:02.315729 Relay|Gesture rate=72, p1=22, p2=50
2022/11/03 09:01:02.903654 Eng|Handling player:2  time:248803060337  rnd:3  action:grenade, state=3
2022/11/03 09:01:03.083984 Eng|Handling player:1  time:248979357962  rnd:3  action:grenade, state=1
2022/11/03 09:01:03.342107 Relay|Gesture rate=74, p1=28, p2=46
2022/11/03 09:01:04.377517 Relay|Gesture rate=98, p1=50, p2=48
2022/11/03 09:01:05.412359 Relay|Gesture rate=100, p1=49, p2=51
2022/11/03 09:01:06.185199 Eng|Handling player:1  time:252082195605  rnd:3  action:shield, state=1
2022/11/03 09:01:06.412359 Relay|Gesture rate=75, p1=24, p2=51
2022/11/03 09:01:07.437566 Relay|Gesture rate=100, p1=52, p2=48
2022/11/03 09:01:08.471931 Relay|Gesture rate=102, p1=51, p2=51
2022/11/03 09:01:11.446036 Relay|Gesture rate=17, p1=2, p2=15
2022/11/03 09:01:11.540728 Eng|Handling player:1  time:257436619964  rnd:3  action:shield, state=1
2022/11/03 09:01:12.477964 Relay|Gesture rate=112, p1=49, p2=63
2022/11/03 09:01:13.514009 Relay|Gesture rate=104, p1=52, p2=52
2022/11/03 09:01:15.638699 Relay|Gesture rate=42, p1=18, p2=24
2022/11/03 09:01:15.733706 Eng|Handling player:2  time:261629573492  rnd:3  action:reload, state=3
2022/11/03 09:01:15.906307 Eng|Handling player:1  time:261801382882  rnd:3  action:shield, state=1
2022/11/03 09:01:16.663136 Relay|Gesture rate=95, p1=44, p2=51
2022/11/03 09:01:17.707237 Relay|Gesture rate=95, p1=47, p2=48
2022/11/03 09:01:19.779101 Relay|Gesture rate=53, p1=21, p2=32
2022/11/03 09:01:20.098492 Eng|Handling player:2  time:265994163248  rnd:3  action:reload, state=3
2022/11/03 09:01:20.311640 Eng|Handling player:1  time:266210724005  rnd:3  action:shield, state=1
2022/11/03 09:01:20.805824 Relay|Gesture rate=77, p1=28, p2=49
2022/11/03 09:01:21.838107 Relay|Gesture rate=101, p1=49, p2=52
2022/11/03 09:01:23.779887 Relay|Gesture rate=79, p1=36, p2=43
2022/11/03 09:01:23.975053 Eng|Handling player:2  time:269870415036  rnd:3  action:grenade, state=3
2022/11/03 09:01:24.185835 Eng|Handling player:1  time:270081629223  rnd:3  action:grenade, state=1
2022/11/03 09:01:24.807891 Relay|Gesture rate=90, p1=44, p2=46
2022/11/03 09:01:25.807937 Relay|Gesture rate=98, p1=50, p2=48
2022/11/03 09:01:27.246517 Relay|Gesture rate=93, p1=45, p2=48
2022/11/03 09:01:27.387689 Eng|Handling player:2  time:273283684992  rnd:3  action:reload, state=3
2022/11/03 09:01:28.100562 Eng|Handling player:1  time:273996257250  rnd:3  action:logout, state=1
2022/11/03 09:01:28.272822 Relay|Gesture rate=85, p1=38, p2=47
2022/11/03 09:01:29.272885 Relay|Gesture rate=100, p1=48, p2=52
2022/11/03 09:01:30.300642 Relay|Gesture rate=85, p1=47, p2=38
2022/11/03 09:01:31.340650 Relay|Gesture rate=21, p1=6, p2=15
2022/11/03 09:01:31.562326 Eng|Handling player:1  time:277461478694  rnd:3  action:reload, state=1
2022/11/03 09:01:31.751002 Eng|Handling player:2  time:277650397642  rnd:3  action:logout, state=3
2022/11/03 09:01:32.371042 Relay|Gesture rate=97, p1=47, p2=50
2022/11/03 09:01:33.402758 Relay|Gesture rate=101, p1=50, p2=51
2022/11/03 09:01:34.489922 Relay|Gesture rate=65, p1=17, p2=48
2022/11/03 09:01:35.041676 Eng|Handling player:2  time:280933974383  rnd:3  action:grenade, state=3
2022/11/03 09:01:35.256320 Eng|Handling player:1  time:281151087153  rnd:3  action:grenade, state=1
2022/11/03 09:01:35.517228 Relay|Gesture rate=68, p1=31, p2=37
2022/11/03 09:01:36.555127 Relay|Gesture rate=100, p1=50, p2=50
2022/11/03 09:01:37.590968 Relay|Gesture rate=100, p1=50, p2=50
2022/11/03 09:01:38.278289 Eng|Handling player:2  time:284175793393  rnd:3  action:reload, state=3
2022/11/03 09:01:38.541650 Eng|Handling player:1  time:284436714453  rnd:3  action:shield, state=1
2022/11/03 09:01:38.622511 Relay|Gesture rate=60, p1=20, p2=40
2022/11/03 09:01:39.659439 Relay|Gesture rate=95, p1=48, p2=47
2022/11/03 09:01:40.692233 Relay|Gesture rate=105, p1=52, p2=53
2022/11/03 09:01:41.694354 Relay|Gesture rate=30, p1=8, p2=22
2022/11/03 09:01:41.875870 Eng|Handling player:2  time:287775165115  rnd:3  action:shield, state=3
2022/11/03 09:01:41.956828 Eng|Handling player:1  time:287855571244  rnd:3  action:reload, state=1
2022/11/03 09:01:42.717867 Relay|Gesture rate=90, p1=41, p2=49
2022/11/03 09:01:43.754119 Relay|Gesture rate=101, p1=50, p2=51
2022/11/03 09:01:45.517158 Relay|Gesture rate=75, p1=30, p2=45
2022/11/03 09:01:45.836353 Eng|Handling player:2  time:291735134045  rnd:3  action:shield, state=3
2022/11/03 09:01:46.191141 Eng|Handling player:1  time:292090396609  rnd:3  action:grenade, state=1
2022/11/03 09:01:46.542504 Relay|Gesture rate=86, p1=39, p2=47
2022/11/03 09:01:47.577568 Relay|Gesture rate=100, p1=52, p2=48
2022/11/03 09:01:48.620769 Relay|Gesture rate=101, p1=48, p2=53
2022/11/03 09:01:49.394250 Eng|Handling player:2  time:295290071582  rnd:3  action:grenade, state=3
2022/11/03 09:01:49.647298 Relay|Gesture rate=29, p1=6, p2=23
2022/11/03 09:01:49.923010 Eng|Handling player:1  time:295821986328  rnd:3  action:grenade, state=1
2022/11/03 09:01:50.682353 Relay|Gesture rate=100, p1=51, p2=49
2022/11/03 09:01:51.685715 Relay|Gesture rate=98, p1=48, p2=50
2022/11/03 09:01:53.167478 Relay|Gesture rate=69, p1=40, p2=29
2022/11/03 09:01:53.304717 Eng|Handling player:2  time:299203622034  rnd:3  action:reload, state=3
2022/11/03 09:01:53.477672 Eng|Handling player:1  time:299377072954  rnd:3  action:reload, state=1
2022/11/03 09:01:54.193725 Relay|Gesture rate=86, p1=39, p2=47
2022/11/03 09:01:55.227445 Relay|Gesture rate=101, p1=51, p2=50
2022/11/03 09:01:56.497634 Relay|Gesture rate=51, p1=20, p2=31
2022/11/03 09:01:56.680568 Eng|Handling player:2  time:302579849551  rnd:3  action:grenade, state=3
2022/11/03 09:01:56.852996 Eng|Handling player:1  time:302752253248  rnd:3  action:shield, state=1
2022/11/03 09:01:57.523087 Relay|Gesture rate=88, p1=40, p2=48
2022/11/03 09:01:58.557400 Relay|Gesture rate=102, p1=50, p2=52
2022/11/03 09:01:59.600153 Relay|Gesture rate=78, p1=29, p2=49
2022/11/03 09:02:00.627681 Relay|Gesture rate=27, p1=10, p2=17
2022/11/03 09:02:00.721478 Eng|Handling player:1  time:306620598143  rnd:3  action:shield, state=1
2022/11/03 09:02:01.044116 Eng|Handling player:2  time:306943232632  rnd:3  action:logout, state=3
2022/11/03 09:02:01.662867 Relay|Gesture rate=98, p1=46, p2=52
2022/11/03 09:02:02.663286 Relay|Gesture rate=96, p1=49, p2=47
2022/11/03 09:02:03.695935 Relay|Gesture rate=71, p1=20, p2=51
2022/11/03 09:02:04.321986 Eng|Handling player:1  time:310221304224  rnd:3  action:reload, state=1
2022/11/03 09:02:04.722809 Relay|Gesture rate=77, p1=27, p2=50
2022/11/03 09:02:05.722978 Relay|Gesture rate=100, p1=49, p2=51
2022/11/03 09:02:06.754943 Relay|Gesture rate=86, p1=39, p2=47
2022/11/03 09:02:08.873594 Relay|Gesture rate=14, p1=0, p2=14
2022/11/03 09:02:09.127802 Eng|Handling player:2  time:315026157700  rnd:3  action:grenade, state=3
2022/11/03 09:02:09.182205 Eng|Handling player:1  time:315081580108  rnd:3  action:reload, state=1
2022/11/03 09:02:09.898474 Relay|Gesture rate=87, p1=39, p2=48
2022/11/03 09:02:10.933959 Relay|Gesture rate=103, p1=52, p2=51
2022/11/03 09:02:11.977271 Relay|Gesture rate=79, p1=29, p2=50
2022/11/03 09:02:12.565135 Eng|Handling player:2  time:318464428743  rnd:3  action:grenade, state=3
2022/11/03 09:02:12.831010 Eng|Handling player:1  time:318728072018  rnd:3  action:shield, state=1
2022/11/03 09:02:13.003493 Relay|Gesture rate=53, p1=15, p2=38
2022/11/03 09:02:14.038774 Relay|Gesture rate=99, p1=51, p2=48
2022/11/03 09:02:15.073669 Relay|Gesture rate=101, p1=50, p2=51
2022/11/03 09:02:16.073783 Relay|Gesture rate=45, p1=7, p2=38
2022/11/03 09:02:16.302252 Eng|Handling player:2  time:322199499854  rnd:3  action:grenade, state=3
2022/11/03 09:02:16.433936 Eng|Handling player:1  time:322329060743  rnd:3  action:reload, state=1
2022/11/03 09:02:17.098811 Relay|Gesture rate=89, p1=42, p2=47
2022/11/03 09:02:18.137479 Relay|Gesture rate=99, p1=47, p2=52
2022/11/03 09:02:19.175461 Relay|Gesture rate=86, p1=33, p2=53
2022/11/03 09:02:19.666399 Eng|Handling player:1  time:325565813074  rnd:3  action:shield, state=1
2022/11/03 09:02:20.203963 Relay|Gesture rate=82, p1=35, p2=47
2022/11/03 09:02:21.208944 Relay|Gesture rate=100, p1=49, p2=51
2022/11/03 09:02:22.230844 Relay|Gesture rate=100, p1=50, p2=50
2022/11/03 09:02:23.270559 Relay|Gesture rate=65, p1=15, p2=50
2022/11/03 09:02:23.728356 Eng|Handling player:2  time:329625327257  rnd:3  action:reload, state=3
2022/11/03 09:02:24.305552 Relay|Gesture rate=38, p1=0, p2=38
2022/11/03 09:02:25.340362 Relay|Gesture rate=44, p1=0, p2=44
2022/11/03 09:02:26.425037 Relay|Gesture rate=47, p1=0, p2=47
2022/11/03 09:02:26.604762 Eng|Handling player:2  time:332504033982  rnd:3  action:grenade, state=3
2022/11/03 09:02:26.962294 Eng|Handling player:1  time:332857687823  rnd:3  action:shield, state=1
2022/11/03 09:02:27.448571 Relay|Gesture rate=84, p1=35, p2=49
2022/11/03 09:02:28.483059 Relay|Gesture rate=101, p1=51, p2=50
2022/11/03 09:02:33.769942 Relay|Gesture rate=100, p1=49, p2=51
2022/11/03 09:02:33.869777 Eng|Handling player:2  time:339753205692  rnd:3  action:grenade, state=3
2022/11/03 09:02:33.935378 Eng|Handling player:1  time:339832650242  rnd:3  action:grenade, state=1
2022/11/03 09:02:34.783938 Relay|Gesture rate=125, p1=61, p2=64
2022/11/03 09:02:35.818272 Relay|Gesture rate=99, p1=49, p2=50
2022/11/03 09:02:38.437748 Relay|Gesture rate=74, p1=34, p2=40
2022/11/03 09:02:38.701718 Eng|Handling player:1  time:344601033891  rnd:3  action:grenade, state=1
2022/11/03 09:02:38.713305 Eng|Handling player:2  time:344609514301  rnd:3  action:grenade, state=3
2022/11/03 09:02:39.462867 Relay|Gesture rate=91, p1=46, p2=45
2022/11/03 09:02:40.497905 Relay|Gesture rate=99, p1=50, p2=49
2022/11/03 09:02:42.802005 Relay|Gesture rate=100, p1=50, p2=50
2022/11/03 09:02:43.303794 Eng|Handling player:2  time:349200355965  rnd:3  action:logout, state=3
2022/11/03 09:02:43.652119 Eng|Handling player:1  time:349551365589  rnd:3  action:reload, state=1
2022/11/03 09:02:43.828561 Relay|Gesture rate=93, p1=45, p2=48
2022/11/03 09:02:44.863616 Relay|Gesture rate=103, p1=52, p2=51
2022/11/03 09:02:48.342696 Relay|Gesture rate=41, p1=17, p2=24
2022/11/03 09:02:48.378856 Eng|Handling player:2  time:354246092139  rnd:3  action:reload, state=3
2022/11/03 09:02:49.368603 Relay|Gesture rate=94, p1=0, p2=94
2022/11/03 09:02:50.406024 Relay|Gesture rate=51, p1=0, p2=51
2022/11/03 09:02:51.441004 Relay|Gesture rate=49, p1=0, p2=49
2022/11/03 09:02:52.475666 Relay|Gesture rate=45, p1=0, p2=45
2022/11/03 09:02:53.510438 Relay|Gesture rate=52, p1=0, p2=52
2022/11/03 09:02:54.545968 Relay|Gesture rate=49, p1=0, p2=49
2022/11/03 09:02:54.639751 Eng|Handling player:2  time:360538941370  rnd:3  action:grenade, state=3
2022/11/03 09:02:55.581215 Relay|Gesture rate=51, p1=0, p2=51
2022/11/03 09:02:56.616481 Relay|Gesture rate=49, p1=0, p2=49
2022/11/03 09:03:00.797356 Relay|Gesture rate=38, p1=0, p2=38
2022/11/03 09:03:01.835930 Relay|Gesture rate=62, p1=0, p2=62
2022/11/03 09:03:02.561562 Eng|Handling player:2  time:368460601376  rnd:3  action:logout, state=3
2022/11/03 09:03:02.870598 Relay|Gesture rate=50, p1=0, p2=50
2022/11/03 09:03:03.906086 Relay|Gesture rate=49, p1=0, p2=49
2022/11/03 09:03:27.348020 Relay|Gesture rate=7, p1=0, p2=7
2022/11/03 09:03:28.386646 Relay|Gesture rate=63, p1=0, p2=63
2022/11/03 09:03:29.421820 Relay|Gesture rate=52, p1=0, p2=52
2022/11/03 09:03:30.640480 Relay|Gesture rate=44, p1=0, p2=44
2022/11/03 09:03:31.671938 Relay|Gesture rate=49, p1=0, p2=49
2022/11/03 09:03:32.040381 Eng|Handling player:2  time:397936521876  rnd:3  action:logout, state=3
2022/11/03 09:03:35.545471 Relay|Gesture rate=31, p1=0, p2=31
2022/11/03 09:03:35.781081 Eng|Handling player:2  time:401672958111  rnd:3  action:logout, state=3
2022/11/03 09:03:36.576843 Relay|Gesture rate=59, p1=0, p2=59
^C
~/cg4002 ----------------------------------------------------------------------------------------------------------~/cg4002 ------------------------------------------------ INT took 6m 48s py pynq-venv with xil
> cp ecomm ecomm_mock
'ecomm' -> 'ecomm_mock'
~/cg4002 -----------------------------------------------------------------------------------------------------------------------------------------~/cg4002 -------------------------------------------------------
> ./ecomm -evalAddr "127.0.0.1:8088"
2022/11/03 09:05:10.410289 Subscribe pb.Event
2022/11/03 09:05:10.410513 Subscribe pb.InFovResp
2022/11/03 09:05:10.410578 Subscribe Round(RoundT)
2022/11/03 09:05:10.412123 Subscribe pb.Data
2022/11/03 09:05:10.412197 Subscribe EvalResp
2022/11/03 09:05:10.412215 Subscribe pb.Event
2022/11/03 09:05:11.412690 not Connected
>
~/cg4002 -----------------------------------------------------------------------------------------------------------------------------------------~/cg4002 -------------------------------------------------------
> ./ecomm_mock -evalAddr "127.0.0.1:8088"
2022/11/03 09:05:50.962991 Subscribe pb.Event
2022/11/03 09:05:50.963209 Subscribe pb.InFovResp
2022/11/03 09:05:50.963244 Subscribe Round(RoundT)
2022/11/03 09:05:50.964799 Subscribe pb.Data
2022/11/03 09:05:50.964879 Subscribe EvalResp
2022/11/03 09:05:50.964898 Subscribe pb.Event
2022/11/03 09:05:52.074848 Relay|running
2022/11/03 09:07:19.504251 Relay|gesture started
2022/11/03 09:07:19.504439 Relay|shoot started
2022/11/03 09:07:19.504545 Relay|shot started
2022/11/03 09:07:19.504601 Relay|getRound started
2022/11/03 09:07:44.902494 Relay|Gesture rate=1, p1=1, p2=0
2022/11/03 09:07:44.903880 Eng|Handling player:2  time:113940832250  rnd:1  action:shoot  shootID:12, state=0
2022/11/03 09:07:44.903928 Player 2 done
2022/11/03 09:07:44.904099 Viz|Pub to MQTT| {"player":2, "time":"113940832250", "rnd":1, "action":"done", "shootID":0}
2022/11/03 09:07:44.943085 Eng|Handling player:1  time:113980146085  rnd:1  action:shot  shootID:12, state=0
2022/11/03 09:07:44.943153 matched shootID = 12
2022/11/03 09:07:44.998006 Eng|Handling player:1  time:114030924205  rnd:1  action:shield, state=0
2022/11/03 09:07:44.998081 Player 1 done
2022/11/03 09:07:44.998331 Viz|Pub to MQTT| {"player":1, "time":"114030924205", "rnd":1, "action":"done", "shootID":0}
2022/11/03 09:07:44.998755 Publish EvalResp, val=p1:{hp:90  action:shield  bullets:6  grenades:2  shield_time:10  shield_health:30  num_shield:2}  p2:{hp:100  action:shoot  bullets:5  grenades:2  num_shield:3}
2022/11/03 09:07:44.998802 Publish Round(RoundT), val=2
2022/11/03 09:07:44.999010 Viz|Pub to MQTT| {"player":1, "time":"0", "rnd":0, "action":"shield", "shootID":0}
2022/11/03 09:07:45.182766 Viz|Pub to MQTT| {"player":2, "time":"0", "rnd":0, "action":"shoot", "shootID":0}
2022/11/03 09:07:45.364042 Viz|Pub to MQTT| {"player":1, "time":"0", "rnd":0, "action":"shot", "shootID":0}
2022/11/03 09:07:45.543880 Viz|Pub to MQTT| {"p1":{"hp":90, "action":"shield", "bullets":6, "grenades":2, "shield_time":10, "shield_health":30, "num_deaths":0, "num_shield":2}, "p2":{"hp":100, "action":"shoot",
 "bullets":5, "grenades":2, "shield_time":0, "shield_health":0, "num_deaths":0, "num_shield":3}}
2022/11/03 09:07:45.936078 Relay|Gesture rate=63, p1=63, p2=0
2022/11/03 09:07:46.970882 Relay|Gesture rate=51, p1=51, p2=0
2022/11/03 09:07:55.002085 Viz|Pub to MQTT| {"player":1, "time":"0", "rnd":0, "action":"shieldAvailable", "shootID":0}
2022/11/03 09:08:03.724081 Relay|Gesture rate=10, p1=9, p2=1
2022/11/03 09:08:04.162993 Eng|Handling player:2  time:133196047963  rnd:2  action:logout, state=0
2022/11/03 09:08:04.163074 Player 2 done
2022/11/03 09:08:04.163115 Viz|Pub to MQTT| {"player":2, "time":"133196047963", "rnd":2, "action":"done", "shootID":0}
2022/11/03 09:08:04.742332 Relay|Gesture rate=55, p1=0, p2=55
2022/11/03 09:08:13.631296 Relay|Gesture rate=21, p1=0, p2=21
2022/11/03 09:08:13.711049 Eng|Handling player:2  time:142736057246  rnd:2  action:reload, state=3
2022/11/03 09:08:14.688470 Relay|Gesture rate=62, p1=0, p2=62
2022/11/03 09:08:15.722750 Relay|Gesture rate=51, p1=0, p2=51
2022/11/03 09:08:16.680543 Eng|Handling player:1  time:145709981711  rnd:2  action:grenade, state=0
2022/11/03 09:08:16.680616 Player 1 done
2022/11/03 09:08:16.680664 Eng|Handling player:1  time:145709981711  rnd:2  action:checkFov, state=1
2022/11/03 09:08:16.680848 Viz|Pub to MQTT| {"player":1, "time":"145709981711", "rnd":2, "action":"checkFov", "shootID":0}
2022/11/03 09:08:16.680547 Viz|Pub to MQTT| {"player":1, "time":"145709981711", "rnd":2, "action":"done", "shootID":0}
2022/11/03 09:08:16.762721 Relay|Gesture rate=26, p1=11, p2=15
2022/11/03 09:08:17.798060 Relay|Gesture rate=50, p1=50, p2=0
2022/11/03 09:08:18.833227 Relay|Gesture rate=52, p1=52, p2=0
2022/11/03 09:08:19.862098 Relay|Gesture rate=39, p1=31, p2=8
2022/11/03 09:08:20.279806 Eng|Handling player:2  time:149307969847  rnd:2  action:logout, state=3
2022/11/03 09:08:20.897258 Relay|Gesture rate=47, p1=0, p2=47
2022/11/03 09:08:22.436429 Relay|Gesture rate=21, p1=0, p2=21
2022/11/03 09:08:22.615070 Eng|Handling player:2  time:151648123802  rnd:2  action:grenade, state=3
2022/11/03 09:08:23.159449 Eng|Handling player:1  time:152190338107  rnd:2  action:grenade, state=1
2022/11/03 09:08:23.463475 Relay|Gesture rate=69, p1=20, p2=49
2022/11/03 09:08:24.497097 Relay|Gesture rate=102, p1=51, p2=51
2022/11/03 09:08:25.537294 Relay|Gesture rate=96, p1=52, p2=44
2022/11/03 09:08:26.755142 Relay|Gesture rate=13, p1=13, p2=0
2022/11/03 09:08:26.902746 Eng|Handling player:1  time:155925427897  rnd:2  action:reload, state=1
2022/11/03 09:08:27.337265 Eng|Handling player:2  time:156370424921  rnd:2  action:shield, state=3
2022/11/03 09:08:27.783287 Relay|Gesture rate=93, p1=48, p2=45
2022/11/03 09:08:28.819031 Relay|Gesture rate=99, p1=47, p2=52
2022/11/03 09:08:30.265870 Relay|Gesture rate=52, p1=21, p2=31
2022/11/03 09:08:30.719559 Eng|Handling player:1  time:159750423827  rnd:2  action:reload, state=1
2022/11/03 09:08:31.026293 Eng|Handling player:2  time:160059430997  rnd:2  action:shield, state=3
2022/11/03 09:08:31.292190 Relay|Gesture rate=80, p1=31, p2=49
2022/11/03 09:08:32.328821 Relay|Gesture rate=103, p1=51, p2=52
2022/11/03 09:08:49.073319 Relay|Gesture rate=75, p1=30, p2=45
2022/11/03 09:08:50.103248 Relay|Gesture rate=56, p1=0, p2=56
2022/11/03 09:08:51.138417 Relay|Gesture rate=53, p1=0, p2=53
2022/11/03 09:08:53.801127 Relay|Gesture rate=13, p1=1, p2=12
2022/11/03 09:08:54.038932 Eng|Handling player:1  time:183060426228  rnd:2  action:shield, state=1
2022/11/03 09:08:54.070523 Eng|Handling player:2  time:183103755870  rnd:2  action:logout, state=3
2022/11/03 09:08:54.823581 Relay|Gesture rate=87, p1=45, p2=42
2022/11/03 09:08:55.824745 Relay|Gesture rate=106, p1=53, p2=53
2022/11/03 09:08:57.890119 Relay|Gesture rate=30, p1=25, p2=5
2022/11/03 09:08:58.215961 Eng|Handling player:1  time:187245553508  rnd:2  action:shield, state=1
2022/11/03 09:08:58.415465 Eng|Handling player:2  time:187438258678  rnd:2  action:shield, state=3
2022/11/03 09:08:58.924153 Relay|Gesture rate=93, p1=47, p2=46
2022/11/03 09:08:59.964967 Relay|Gesture rate=100, p1=50, p2=50
2022/11/03 09:09:02.936805 Relay|Gesture rate=62, p1=28, p2=34
2022/11/03 09:09:03.247080 Eng|Handling player:2  time:192280092075  rnd:2  action:grenade, state=3
2022/11/03 09:09:03.254654 Eng|Handling player:1  time:192285811321  rnd:2  action:grenade, state=1
2022/11/03 09:09:03.963829 Relay|Gesture rate=86, p1=45, p2=41
2022/11/03 09:09:04.997950 Relay|Gesture rate=100, p1=51, p2=49
2022/11/03 09:09:06.938067 Relay|Gesture rate=94, p1=47, p2=47
2022/11/03 09:09:07.035727 Eng|Handling player:1  time:196064677701  rnd:2  action:reload, state=1
2022/11/03 09:09:07.476288 Eng|Handling player:2  time:196509579104  rnd:2  action:shield, state=3
2022/11/03 09:09:07.968772 Relay|Gesture rate=98, p1=48, p2=50
2022/11/03 09:09:09.003242 Relay|Gesture rate=99, p1=46, p2=53
2022/11/03 09:09:10.311274 Relay|Gesture rate=50, p1=30, p2=20
2022/11/03 09:09:10.583224 Eng|Handling player:2  time:199616125316  rnd:2  action:reload, state=3
2022/11/03 09:09:10.994629 Eng|Handling player:1  time:200028004143  rnd:2  action:reload, state=1
2022/11/03 09:09:11.344170 Relay|Gesture rate=81, p1=30, p2=51
2022/11/03 09:09:12.378214 Relay|Gesture rate=97, p1=47, p2=50
2022/11/03 09:09:13.959714 Relay|Gesture rate=50, p1=36, p2=14
2022/11/03 09:09:14.188468 Eng|Handling player:1  time:203221504043  rnd:2  action:grenade, state=1
2022/11/03 09:09:14.311729 Eng|Handling player:1  time:203348776128  rnd:2  action:shot  shootID:13, state=1
2022/11/03 09:09:14.316250 Eng|Handling player:2  time:203353362998  rnd:2  action:shoot  shootID:13, state=3
2022/11/03 09:09:14.994434 Relay|Gesture rate=49, p1=49, p2=0
2022/11/03 09:09:16.028117 Relay|Gesture rate=52, p1=52, p2=0
2022/11/03 09:09:17.914821 Relay|Gesture rate=51, p1=50, p2=1
2022/11/03 09:09:18.367356 Eng|Handling player:2  time:207400705789  rnd:2  action:grenade, state=3
2022/11/03 09:09:18.402995 Eng|Handling player:2  time:207440070997  rnd:2  action:shot  shootID:13, state=3
2022/11/03 09:09:18.403988 Eng|Handling player:1  time:207441126891  rnd:2  action:shoot  shootID:13, state=1
2022/11/03 09:09:18.948207 Relay|Gesture rate=47, p1=0, p2=47
2022/11/03 09:09:19.982971 Relay|Gesture rate=52, p1=0, p2=52
2022/11/03 09:09:24.025246 Relay|Gesture rate=36, p1=0, p2=36
2022/11/03 09:09:24.129058 Eng|Handling player:2  time:213162151768  rnd:2  action:grenade, state=3
2022/11/03 09:09:24.206113 Eng|Handling player:2  time:213243197131  rnd:2  action:shot  shootID:14, state=3
2022/11/03 09:09:24.210896 Eng|Handling player:1  time:213248017320  rnd:2  action:shoot  shootID:14, state=1
2022/11/03 09:09:25.026137 Relay|Gesture rate=66, p1=0, p2=66
2022/11/03 09:09:26.064110 Relay|Gesture rate=50, p1=0, p2=50
2022/11/03 09:09:33.931379 Relay|Gesture rate=28, p1=0, p2=28
2022/11/03 09:09:34.969866 Relay|Gesture rate=57, p1=0, p2=57
2022/11/03 09:09:35.062979 Eng|Handling player:2  time:224096279413  rnd:2  action:logout, state=3
2022/11/03 09:09:49.554525 Eng|Handling player:1  time:238591621868  rnd:2  action:shoot  shootID:15, state=1
2022/11/03 09:09:49.554628 Eng|Handling player:2  time:238591697311  rnd:2  action:shot  shootID:15, state=3
2022/11/03 09:09:49.557105 Relay|Gesture rate=21, p1=0, p2=21
2022/11/03 09:09:49.969783 Eng|Handling player:2  time:238995519937  rnd:2  action:shield, state=3
2022/11/03 09:09:50.584271 Relay|Gesture rate=61, p1=0, p2=61
2022/11/03 09:09:51.619018 Relay|Gesture rate=51, p1=0, p2=51
2022/11/03 09:10:01.705216 Relay|Gesture rate=24, p1=0, p2=24
2022/11/03 09:10:01.821231 Eng|Handling player:1  time:250838128581  rnd:2  action:reload, state=1
2022/11/03 09:10:01.839124 Eng|Handling player:2  time:250872221291  rnd:2  action:reload, state=3
2022/11/03 09:10:02.734221 Relay|Gesture rate=108, p1=49, p2=59
2022/11/03 09:10:03.769592 Relay|Gesture rate=102, p1=49, p2=53
2022/11/03 09:10:08.396852 Relay|Gesture rate=49, p1=26, p2=23
2022/11/03 09:10:08.456690 Eng|Handling player:2  time:257489449985  rnd:2  action:grenade, state=3
2022/11/03 09:10:08.732537 Eng|Handling player:1  time:257762208050  rnd:2  action:grenade, state=1
2022/11/03 09:10:09.396996 Relay|Gesture rate=110, p1=51, p2=59
2022/11/03 09:10:10.431347 Relay|Gesture rate=99, p1=49, p2=50
2022/11/03 09:10:11.561455 Relay|Gesture rate=49, p1=35, p2=14
2022/11/03 09:10:11.701983 Eng|Handling player:1  time:260732971376  rnd:2  action:reload, state=1
2022/11/03 09:10:12.590927 Relay|Gesture rate=91, p1=46, p2=45
2022/11/03 09:10:13.624836 Relay|Gesture rate=101, p1=51, p2=50
2022/11/03 09:10:15.247044 Relay|Gesture rate=69, p1=20, p2=49
2022/11/03 09:10:15.432647 Eng|Handling player:2  time:264463025387  rnd:2  action:logout, state=3
2022/11/03 09:10:16.280308 Relay|Gesture rate=45, p1=0, p2=45
2022/11/03 09:10:20.049586 Relay|Gesture rate=52, p1=0, p2=52
2022/11/03 09:10:21.052387 Relay|Gesture rate=47, p1=0, p2=47
2022/11/03 09:10:22.092019 Relay|Gesture rate=28, p1=4, p2=24
2022/11/03 09:10:22.138859 Eng|Handling player:1  time:271171741227  rnd:2  action:reload, state=1
2022/11/03 09:10:22.404435 Eng|Handling player:2  time:271437556914  rnd:2  action:logout, state=3
2022/11/03 09:10:23.121133 Relay|Gesture rate=92, p1=45, p2=47
2022/11/03 09:10:24.155388 Relay|Gesture rate=104, p1=52, p2=52
2022/11/03 09:10:30.464886 Relay|Gesture rate=29, p1=20, p2=9
2022/11/03 09:10:30.819967 Eng|Handling player:2  time:279853113708  rnd:2  action:shield, state=3
2022/11/03 09:10:31.490212 Relay|Gesture rate=63, p1=0, p2=63
2022/11/03 09:10:32.525298 Relay|Gesture rate=50, p1=0, p2=50
2022/11/03 09:10:33.344673 Eng|Handling player:1  time:282377551184  rnd:2  action:shield, state=1
2022/11/03 09:10:33.565436 Relay|Gesture rate=29, p1=17, p2=12
2022/11/03 09:10:34.600638 Relay|Gesture rate=49, p1=49, p2=0
2022/11/03 09:10:35.635398 Relay|Gesture rate=48, p1=48, p2=0
2022/11/03 09:10:39.888392 Relay|Gesture rate=4, p1=3, p2=1
2022/11/03 09:10:39.962455 Eng|Handling player:2  time:288992882592  rnd:2  action:reload, state=3
2022/11/03 09:10:40.005505 Eng|Handling player:1  time:289038628055  rnd:2  action:reload, state=1
2022/11/03 09:10:40.896920 Relay|Gesture rate=113, p1=51, p2=62
2022/11/03 09:10:41.932685 Relay|Gesture rate=101, p1=49, p2=52
2022/11/03 09:10:44.232221 Relay|Gesture rate=30, p1=11, p2=19
2022/11/03 09:10:44.329731 Eng|Handling player:1  time:293358974692  rnd:2  action:shield, state=1
2022/11/03 09:10:45.043426 Eng|Handling player:2  time:294074123241  rnd:2  action:shield, state=3
2022/11/03 09:10:45.260098 Relay|Gesture rate=91, p1=48, p2=43
2022/11/03 09:10:46.293607 Relay|Gesture rate=98, p1=45, p2=53
2022/11/03 09:10:48.277943 Relay|Gesture rate=62, p1=26, p2=36
2022/11/03 09:10:48.594400 Eng|Handling player:2  time:297627455994  rnd:2  action:logout, state=3
2022/11/03 09:10:48.830665 Eng|Handling player:1  time:297858991104  rnd:2  action:reload, state=1
2022/11/03 09:10:49.310480 Relay|Gesture rate=90, p1=39, p2=51
2022/11/03 09:10:50.344896 Relay|Gesture rate=101, p1=50, p2=51
2022/11/03 09:10:52.553107 Relay|Gesture rate=40, p1=34, p2=6
2022/11/03 09:10:52.779864 Eng|Handling player:2  time:301813181114  rnd:2  action:logout, state=3
2022/11/03 09:10:52.787069 Eng|Handling player:1  time:301818227013  rnd:2  action:grenade, state=1
2022/11/03 09:10:53.587293 Relay|Gesture rate=92, p1=44, p2=48
2022/11/03 09:10:54.620667 Relay|Gesture rate=103, p1=51, p2=52
2022/11/03 09:10:55.882299 Relay|Gesture rate=85, p1=42, p2=43
2022/11/03 09:10:56.113162 Eng|Handling player:2  time:305143911038  rnd:2  action:grenade, state=3
2022/11/03 09:10:56.571888 Eng|Handling player:1  time:305603471994  rnd:2  action:logout, state=1
2022/11/03 09:10:56.915338 Relay|Gesture rate=85, p1=37, p2=48
2022/11/03 09:10:57.950291 Relay|Gesture rate=99, p1=48, p2=51
2022/11/03 09:11:02.952686 Relay|Gesture rate=85, p1=52, p2=33
2022/11/03 09:11:03.040404 Eng|Handling player:2  time:312073231515  rnd:2  action:grenade, state=3
2022/11/03 09:11:03.412850 Eng|Handling player:1  time:312439290611  rnd:2  action:logout, state=1
2022/11/03 09:11:03.980675 Relay|Gesture rate=113, p1=52, p2=61
2022/11/03 09:11:05.015400 Relay|Gesture rate=97, p1=45, p2=52
2022/11/03 09:11:10.882972 Relay|Gesture rate=52, p1=38, p2=14
2022/11/03 09:11:10.975040 Eng|Handling player:1  time:320000229788  rnd:2  action:grenade, state=1
2022/11/03 09:11:11.274742 Eng|Handling player:2  time:320308150239  rnd:2  action:shield, state=3
2022/11/03 09:11:11.900742 Relay|Gesture rate=120, p1=61, p2=59
2022/11/03 09:11:12.935260 Relay|Gesture rate=99, p1=52, p2=47
2022/11/03 09:11:16.337685 Relay|Gesture rate=62, p1=25, p2=37
2022/11/03 09:11:16.502576 Eng|Handling player:1  time:325533443225  rnd:2  action:shield, state=1
2022/11/03 09:11:16.630725 Eng|Handling player:2  time:325663678974  rnd:2  action:logout, state=3
2022/11/03 09:11:17.345066 Relay|Gesture rate=122, p1=58, p2=64
2022/11/03 09:11:18.381031 Relay|Gesture rate=98, p1=49, p2=49
2022/11/03 09:11:19.417895 Relay|Gesture rate=18, p1=9, p2=9
2022/11/03 09:11:19.509602 Eng|Handling player:2  time:328542767888  rnd:2  action:grenade, state=3
2022/11/03 09:11:19.742389 Eng|Handling player:1  time:328773982725  rnd:2  action:reload, state=1
2022/11/03 09:11:20.455427 Relay|Gesture rate=94, p1=43, p2=51
2022/11/03 09:11:21.485585 Relay|Gesture rate=100, p1=52, p2=48
2022/11/03 09:11:22.792136 Relay|Gesture rate=45, p1=21, p2=24
2022/11/03 09:11:23.031035 Eng|Handling player:1  time:332060679017  rnd:2  action:shield, state=1
2022/11/03 09:11:23.428981 Eng|Handling player:2  time:332458171425  rnd:2  action:shield, state=3
2022/11/03 09:11:23.830059 Relay|Gesture rate=94, p1=46, p2=48
2022/11/03 09:11:24.860338 Relay|Gesture rate=97, p1=49, p2=48
2022/11/03 09:11:26.752176 Relay|Gesture rate=57, p1=30, p2=27
2022/11/03 09:11:27.032608 Eng|Handling player:1  time:336062835835  rnd:2  action:grenade, state=1
2022/11/03 09:11:27.160165 Eng|Handling player:2  time:336193594006  rnd:2  action:reload, state=3
2022/11/03 09:11:27.785326 Relay|Gesture rate=90, p1=43, p2=47
2022/11/03 09:11:28.820606 Relay|Gesture rate=94, p1=45, p2=49
2022/11/03 09:11:34.692193 Relay|Gesture rate=73, p1=43, p2=30
2022/11/03 09:11:35.001385 Eng|Handling player:1  time:344029653705  rnd:2  action:grenade, state=1
2022/11/03 09:11:35.039890 Eng|Handling player:2  time:344069447632  rnd:2  action:reload, state=3
2022/11/03 09:11:35.708202 Relay|Gesture rate=86, p1=46, p2=40
2022/11/03 09:11:36.741516 Relay|Gesture rate=106, p1=54, p2=52
2022/11/03 09:11:38.593573 Relay|Gesture rate=67, p1=40, p2=27
2022/11/03 09:11:38.872808 Eng|Handling player:1  time:347894338209  rnd:2  action:shield, state=1
2022/11/03 09:11:39.492809 Eng|Handling player:2  time:348524447234  rnd:2  action:shield, state=3
2022/11/03 09:11:39.621656 Relay|Gesture rate=81, p1=50, p2=31
2022/11/03 09:11:40.655968 Relay|Gesture rate=98, p1=48, p2=50
2022/11/03 09:11:42.774043 Relay|Gesture rate=74, p1=31, p2=43
2022/11/03 09:11:43.229973 Eng|Handling player:2  time:352259122819  rnd:2  action:logout, state=3
2022/11/03 09:11:43.418211 Eng|Handling player:1  time:352447229194  rnd:2  action:logout, state=1
2022/11/03 09:11:43.806798 Relay|Gesture rate=96, p1=43, p2=53
2022/11/03 09:11:44.843094 Relay|Gesture rate=99, p1=50, p2=49
2022/11/03 09:11:46.687875 Relay|Gesture rate=53, p1=40, p2=13
2022/11/03 09:11:46.876065 Eng|Handling player:2  time:355905614437  rnd:2  action:logout, state=3
2022/11/03 09:11:47.329600 Eng|Handling player:1  time:356359394356  rnd:2  action:reload, state=1
2022/11/03 09:11:47.720969 Relay|Gesture rate=85, p1=39, p2=46
2022/11/03 09:11:48.755958 Relay|Gesture rate=106, p1=53, p2=53
2022/11/03 09:11:49.791588 Relay|Gesture rate=79, p1=30, p2=49
2022/11/03 09:11:52.808125 Relay|Gesture rate=48, p1=0, p2=48
2022/11/03 09:11:53.317492 Eng|Handling player:2  time:362344116782  rnd:2  action:grenade, state=3
2022/11/03 09:11:53.844276 Relay|Gesture rate=48, p1=0, p2=48
2022/11/03 09:11:54.877165 Relay|Gesture rate=53, p1=0, p2=53
2022/11/03 09:11:58.492670 Relay|Gesture rate=37, p1=0, p2=37
2022/11/03 09:11:58.661281 Eng|Handling player:2  time:367694523578  rnd:2  action:grenade, state=3
2022/11/03 09:11:59.512087 Relay|Gesture rate=66, p1=12, p2=54
2022/11/03 09:11:59.524673 Eng|Handling player:1  time:368554097882  rnd:2  action:grenade, state=1
2022/11/03 09:12:00.546228 Relay|Gesture rate=105, p1=52, p2=53
2022/11/03 09:12:01.586676 Relay|Gesture rate=87, p1=51, p2=36
2022/11/03 09:12:02.305402 Eng|Handling player:2  time:371338550729  rnd:2  action:grenade, state=3
2022/11/03 09:12:02.615607 Relay|Gesture rate=55, p1=27, p2=28
2022/11/03 09:12:02.672738 Eng|Handling player:1  time:371703560232  rnd:2  action:grenade, state=1
2022/11/03 09:12:03.651702 Relay|Gesture rate=101, p1=51, p2=50
2022/11/03 09:12:04.686041 Relay|Gesture rate=102, p1=50, p2=52
2022/11/03 09:12:05.279226 Eng|Handling player:2  time:374309561107  rnd:2  action:grenade, state=3
2022/11/03 09:12:05.415128 Eng|Handling player:1  time:374448366208  rnd:2  action:grenade, state=1
2022/11/03 09:12:05.726648 Relay|Gesture rate=78, p1=43, p2=35
2022/11/03 09:12:06.756260 Relay|Gesture rate=103, p1=49, p2=54
2022/11/03 09:12:07.790394 Relay|Gesture rate=102, p1=51, p2=51
2022/11/03 09:12:08.162014 Eng|Handling player:2  time:377191532656  rnd:2  action:grenade, state=3
2022/11/03 09:12:08.341174 Eng|Handling player:1  time:377374510530  rnd:2  action:grenade, state=1
2022/11/03 09:12:08.827465 Relay|Gesture rate=88, p1=39, p2=49
2022/11/03 09:12:09.860476 Relay|Gesture rate=99, p1=50, p2=49
2022/11/03 09:12:10.896213 Relay|Gesture rate=99, p1=47, p2=52
2022/11/03 09:12:10.990387 Eng|Handling player:2  time:380023235164  rnd:2  action:grenade, state=3
2022/11/03 09:12:11.269458 Eng|Handling player:1  time:380300078541  rnd:2  action:grenade, state=1
2022/11/03 09:12:11.930903 Relay|Gesture rate=94, p1=44, p2=50
2022/11/03 09:12:12.966929 Relay|Gesture rate=100, p1=48, p2=52
2022/11/03 09:12:14.001021 Relay|Gesture rate=94, p1=45, p2=49
2022/11/03 09:12:15.035746 Relay|Gesture rate=52, p1=0, p2=52
2022/11/03 09:12:16.071441 Relay|Gesture rate=51, p1=0, p2=51
^C
> ./ecomm_mock -evalAddr "127.0.0.1:8088"
2022/11/03 09:12:23.298090 Subscribe pb.Event
2022/11/03 09:12:23.298336 Subscribe pb.InFovResp
2022/11/03 09:12:23.298372 Subscribe Round(RoundT)
2022/11/03 09:12:23.300068 Subscribe pb.Data
2022/11/03 09:12:23.300158 Subscribe EvalResp
2022/11/03 09:12:23.300174 Subscribe pb.Event
2022/11/03 09:12:23.902298 Relay|running
2022/11/03 09:12:34.648676 Relay|gesture started
2022/11/03 09:12:34.648695 Relay|shot started
2022/11/03 09:12:34.648700 Relay|shoot started
2022/11/03 09:12:34.649096 Relay|getRound started
2022/11/03 09:12:53.292228 Viz|Pub to MQTT| {"player":2, "time":"29994059923", "rnd":1, "action":"done", "shootID":0}
2022/11/03 09:12:53.292254 Eng|Handling player:1  time:29994019721  rnd:1  action:shot  shootID:14, state=0
2022/11/03 09:12:53.292418 Eng|Handling player:2  time:29994059923  rnd:1  action:shoot  shootID:14, state=0
2022/11/03 09:12:53.292438 Player 2 done
2022/11/03 09:12:53.292452 matched shootID = 14
2022/11/03 09:12:53.337396 Relay|Gesture rate=1, p1=1, p2=0
2022/11/03 09:12:53.536872 Eng|Handling player:1  time:30234682745  rnd:1  action:grenade, state=0
2022/11/03 09:12:53.536939 Player 1 done
2022/11/03 09:12:53.536970 Viz|Pub to MQTT| {"player":1, "time":"30234682745", "rnd":1, "action":"done", "shootID":0}
2022/11/03 09:12:53.536982 Eng|Handling player:1  time:30234682745  rnd:1  action:checkFov, state=1
2022/11/03 09:12:53.537080 Viz|Pub to MQTT| {"player":1, "time":"30234682745", "rnd":1, "action":"checkFov", "shootID":0}
2022/11/03 09:12:54.370934 Relay|Gesture rate=48, p1=48, p2=0
2022/11/03 09:12:55.408121 Relay|Gesture rate=50, p1=50, p2=0
2022/11/03 09:13:33.469086 Relay|Gesture rate=39, p1=38, p2=1
2022/11/03 09:13:33.931841 Eng|Handling player:2  time:70627448462  rnd:1  action:logout, state=3
2022/11/03 09:13:34.508751 Relay|Gesture rate=54, p1=0, p2=54
2022/11/03 09:13:35.544836 Relay|Gesture rate=52, p1=0, p2=52
2022/11/03 09:14:26.526647 Relay|Gesture rate=11, p1=1, p2=10
2022/11/03 09:14:27.527371 Relay|Gesture rate=64, p1=64, p2=0
2022/11/03 09:14:28.562210 Relay|Gesture rate=51, p1=51, p2=0
2022/11/03 09:14:29.420866 Eng|Handling player:1  time:126118793874  rnd:1  action:grenade, state=1
2022/11/03 09:14:29.596818 Relay|Gesture rate=49, p1=49, p2=0
2022/11/03 09:14:34.209984 Relay|Gesture rate=39, p1=38, p2=1
2022/11/03 09:14:34.506252 Eng|Handling player:2  time:131203965908  rnd:1  action:logout, state=3
2022/11/03 09:14:35.216919 Relay|Gesture rate=51, p1=0, p2=51
2022/11/03 09:14:37.377819 Relay|Gesture rate=25, p1=0, p2=25
2022/11/03 09:14:37.651298 Eng|Handling player:2  time:134349015406  rnd:1  action:logout, state=3
2022/11/03 09:14:38.412075 Relay|Gesture rate=52, p1=0, p2=52
2022/11/03 09:14:39.446664 Relay|Gesture rate=52, p1=0, p2=52
2022/11/03 09:14:45.122815 Relay|Gesture rate=31, p1=1, p2=30
2022/11/03 09:14:46.157928 Relay|Gesture rate=53, p1=53, p2=0
2022/11/03 09:14:47.196028 Relay|Gesture rate=49, p1=49, p2=0
^C
>
> ./ecomm_mock -evalAddr "127.0.0.1:8088"
2022/11/03 09:17:15.705576 Subscribe pb.Event
2022/11/03 09:17:15.705825 Subscribe pb.InFovResp
2022/11/03 09:17:15.705846 Subscribe Round(RoundT)
2022/11/03 09:17:15.707449 Subscribe pb.Data
2022/11/03 09:17:15.707511 Subscribe EvalResp
2022/11/03 09:17:15.707529 Subscribe pb.Event
2022/11/03 09:17:16.269766 Relay|running
2022/11/03 09:17:42.518127 Relay|gesture started
2022/11/03 09:17:42.518289 Relay|shoot started
2022/11/03 09:17:42.518457 Relay|shot started
2022/11/03 09:17:42.518477 Relay|getRound started
2022/11/03 09:17:46.644318 Relay|Gesture rate=1, p1=0, p2=1
2022/11/03 09:17:46.667375 Eng|Handling player:2  time:30947045359  rnd:1  action:grenade, state=0
2022/11/03 09:17:46.667452 Player 2 done
2022/11/03 09:17:46.667493 Eng|Handling player:2  time:30947045359  rnd:1  action:checkFov, state=1
2022/11/03 09:17:46.667432 Viz|Pub to MQTT| {"player":2, "time":"30947045359", "rnd":1, "action":"done", "shootID":0}
2022/11/03 09:17:46.667595 Viz|Pub to MQTT| {"player":2, "time":"30947045359", "rnd":1, "action":"checkFov", "shootID":0}
2022/11/03 09:17:47.179988 Eng|Handling player:1  time:30947045359  rnd:1  inFov:true, rnd=1
2022/11/03 09:17:47.681812 Relay|Gesture rate=62, p1=0, p2=62
2022/11/03 09:17:48.763967 Relay|Gesture rate=52, p1=0, p2=52
2022/11/03 09:17:52.842524 Relay|Gesture rate=28, p1=0, p2=28
2022/11/03 09:17:53.760987 Eng|Handling player:2  time:38051586843  rnd:1  action:reload, state=3
2022/11/03 09:17:53.846489 Relay|Gesture rate=53, p1=0, p2=53
2022/11/03 09:17:58.541718 Relay|Gesture rate=26, p1=1, p2=25
2022/11/03 09:17:58.722800 Eng|Handling player:1  time:43013335096  rnd:1  action:grenade, state=0
2022/11/03 09:17:58.722867 Player 1 done
2022/11/03 09:17:58.722925 Eng|Handling player:1  time:43013335096  rnd:1  action:checkFov, state=1
2022/11/03 09:17:58.722957 Viz|Pub to MQTT| {"player":1, "time":"43013335096", "rnd":1, "action":"done", "shootID":0}
2022/11/03 09:17:58.723031 Viz|Pub to MQTT| {"player":1, "time":"43013335096", "rnd":1, "action":"checkFov", "shootID":0}
2022/11/03 09:17:59.188259 Eng|Handling player:2  time:43013335096  rnd:1  inFov:true, rnd=1
2022/11/03 09:17:59.188983 Publish EvalResp, val=p1:{hp:70  action:grenade  bullets:6  grenades:1  num_shield:3}  p2:{hp:70  action:grenade  bullets:6  grenades:1  num_shield:3}
2022/11/03 09:17:59.189037 Publish Round(RoundT), val=2
2022/11/03 09:17:59.189231 Viz|Pub to MQTT| {"player":1, "time":"0", "rnd":0, "action":"grenade", "shootID":0}
2022/11/03 09:17:59.383790 Viz|Pub to MQTT| {"player":2, "time":"0", "rnd":0, "action":"grenaded", "shootID":0}
2022/11/03 09:17:59.568765 Viz|Pub to MQTT| {"player":2, "time":"0", "rnd":0, "action":"grenade", "shootID":0}
2022/11/03 09:17:59.619606 Relay|Gesture rate=58, p1=58, p2=0
2022/11/03 09:17:59.773786 Viz|Pub to MQTT| {"player":1, "time":"0", "rnd":0, "action":"grenaded", "shootID":0}
2022/11/03 09:17:59.959070 Viz|Pub to MQTT| {"p1":{"hp":70, "action":"grenade", "bullets":6, "grenades":1, "shield_time":0, "shield_health":0, "num_deaths":0, "num_shield":3}, "p2":{"hp":70, "action":"grenade",
 "bullets":6, "grenades":1, "shield_time":0, "shield_health":0, "num_deaths":0, "num_shield":3}}
2022/11/03 09:18:00.653509 Relay|Gesture rate=53, p1=53, p2=0
2022/11/03 09:18:33.268577 Relay|Gesture rate=37, p1=36, p2=1
2022/11/03 09:18:33.294961 Eng|Handling player:2  time:77584593075  rnd:2  action:grenade, state=0
2022/11/03 09:18:33.295038 Player 2 done
2022/11/03 09:18:33.295052 Viz|Pub to MQTT| {"player":2, "time":"77584593075", "rnd":2, "action":"done", "shootID":0}
2022/11/03 09:18:33.295096 Eng|Handling player:2  time:77584593075  rnd:2  action:checkFov, state=1
2022/11/03 09:18:33.295215 Viz|Pub to MQTT| {"player":2, "time":"77584593075", "rnd":2, "action":"checkFov", "shootID":0}
2022/11/03 09:18:33.766243 Eng|Handling player:1  time:77584593075  rnd:2, rnd=2
2022/11/03 09:18:34.305447 Relay|Gesture rate=53, p1=0, p2=53
2022/11/03 09:18:35.382611 Relay|Gesture rate=49, p1=0, p2=49
2022/11/03 09:18:39.957305 Relay|Gesture rate=30, p1=1, p2=29
2022/11/03 09:18:40.034448 Eng|Handling player:1  time:84325136395  rnd:2  action:reload, state=0
2022/11/03 09:18:40.034516 Player 1 done
2022/11/03 09:18:40.034648 Viz|Pub to MQTT| {"player":1, "time":"84325136395", "rnd":2, "action":"done", "shootID":0}
2022/11/03 09:18:40.034734 Publish EvalResp, val=p1:{hp:70  action:reload  bullets:6  grenades:1  num_shield:3}  p2:{hp:70  action:grenade  bullets:6  num_shield:3}
2022/11/03 09:18:40.034765 Publish Round(RoundT), val=3
2022/11/03 09:18:40.034912 Viz|Pub to MQTT| {"player":2, "time":"0", "rnd":0, "action":"grenade", "shootID":0}
2022/11/03 09:18:40.224106 Viz|Pub to MQTT| {"p1":{"hp":70, "action":"reload", "bullets":6, "grenades":1, "shield_time":0, "shield_health":0, "num_deaths":0, "num_shield":3}, "p2":{"hp":70, "action":"grenade",
"bullets":6, "grenades":0, "shield_time":0, "shield_health":0, "num_deaths":0, "num_shield":3}}
2022/11/03 09:18:40.975597 Relay|Gesture rate=61, p1=61, p2=0
2022/11/03 09:18:42.010495 Relay|Gesture rate=50, p1=50, p2=0
2022/11/03 09:19:12.939478 Relay|Gesture rate=9, p1=8, p2=1
2022/11/03 09:19:12.976682 Eng|Handling player:2  time:117258102761  rnd:3  action:grenade, state=0
2022/11/03 09:19:12.976748 Player 2 done
2022/11/03 09:19:12.976953 Viz|Pub to MQTT| {"player":2, "time":"117258102761", "rnd":3, "action":"done", "shootID":0}
2022/11/03 09:19:13.949095 Relay|Gesture rate=57, p1=0, p2=57
2022/11/03 09:19:14.986661 Relay|Gesture rate=51, p1=0, p2=51
2022/11/03 09:19:16.482864 Relay|Gesture rate=32, p1=1, p2=31
2022/11/03 09:19:16.578786 Eng|Handling player:1  time:120867527665  rnd:3  action:reload, state=0
2022/11/03 09:19:16.578851 Viz|Pub to MQTT| {"player":1, "time":"120867527665", "rnd":3, "action":"done", "shootID":0}
2022/11/03 09:19:16.578855 Player 1 done
2022/11/03 09:19:16.579133 Publish EvalResp, val=p1:{hp:70  action:reload  bullets:6  grenades:1  num_shield:3}  p2:{hp:70  action:grenade  bullets:6  num_shield:3}
2022/11/03 09:19:16.579165 Publish Round(RoundT), val=4
2022/11/03 09:19:16.579411 Viz|Pub to MQTT| {"p1":{"hp":70, "action":"reload", "bullets":6, "grenades":1, "shield_time":0, "shield_health":0, "num_deaths":0, "num_shield":3}, "p2":{"hp":70, "action":"grenade",
"bullets":6, "grenades":0, "shield_time":0, "shield_health":0, "num_deaths":0, "num_shield":3}}
2022/11/03 09:19:17.516993 Relay|Gesture rate=46, p1=46, p2=0
2022/11/03 09:19:18.551446 Relay|Gesture rate=49, p1=49, p2=0
2022/11/03 09:19:22.854497 Relay|Gesture rate=26, p1=25, p2=1
2022/11/03 09:19:23.894758 Relay|Gesture rate=61, p1=0, p2=61
2022/11/03 09:19:35.752982 Relay|Gesture rate=36, p1=0, p2=36
2022/11/03 09:19:36.143524 Eng|Handling player:2  time:140430133471  rnd:4  action:shield, state=0
2022/11/03 09:19:36.143593 Player 2 done
2022/11/03 09:19:36.143620 Viz|Pub to MQTT| {"player":2, "time":"140430133471", "rnd":4, "action":"done", "shootID":0}
2022/11/03 09:19:36.765720 Relay|Gesture rate=54, p1=0, p2=54
2022/11/03 09:19:37.626039 Eng|Handling player:1  time:141920511574  rnd:4  action:shoot  shootID:16, state=0
2022/11/03 09:19:37.626094 Viz|Pub to MQTT| {"player":1, "time":"141920511574", "rnd":4, "action":"done", "shootID":0}
2022/11/03 09:19:37.626103 Player 1 done
2022/11/03 09:19:37.633425 Eng|Handling player:2  time:141927958324  rnd:4  action:shot  shootID:16, state=3
2022/11/03 09:19:37.633463 matched shootID = 16
2022/11/03 09:19:37.633646 Publish EvalResp, val=p1:{hp:70  action:shoot  bullets:5  grenades:1  num_shield:3}  p2:{hp:70  action:shield  bullets:6  shield_time:10  shield_health:20  num_shield:2}
2022/11/03 09:19:37.633679 Publish Round(RoundT), val=5
2022/11/03 09:19:37.633837 Viz|Pub to MQTT| {"player":1, "time":"0", "rnd":0, "action":"shoot", "shootID":0}
2022/11/03 09:19:37.800117 Relay|Gesture rate=51, p1=0, p2=51
2022/11/03 09:19:37.821267 Viz|Pub to MQTT| {"player":2, "time":"0", "rnd":0, "action":"shield", "shootID":0}
2022/11/03 09:19:38.012525 Viz|Pub to MQTT| {"p1":{"hp":70, "action":"shoot", "bullets":5, "grenades":1, "shield_time":0, "shield_health":0, "num_deaths":0, "num_shield":3}, "p2":{"hp":70, "action":"shield", "b
ullets":6, "grenades":0, "shield_time":10, "shield_health":20, "num_deaths":0, "num_shield":2}}
2022/11/03 09:19:47.634861 Viz|Pub to MQTT| {"player":2, "time":"0", "rnd":0, "action":"shieldAvailable", "shootID":0}
2022/11/03 09:20:26.591447 Eng|Handling player:2  time:190885841671  rnd:5  action:shot  shootID:17, state=0
2022/11/03 09:20:26.591541 Eng|Handling player:1  time:190885936395  rnd:5  action:shoot  shootID:17, state=0
2022/11/03 09:20:26.591559 Player 1 done
2022/11/03 09:20:26.591575 matched shootID = 17
2022/11/03 09:20:26.591814 Viz|Pub to MQTT| {"player":1, "time":"190885936395", "rnd":5, "action":"done", "shootID":0}
2022/11/03 09:20:33.283989 Eng|Handling player:2  time:197578411061  rnd:5  action:shoot  shootID:15, state=0
2022/11/03 09:20:33.284047 Player 2 done
2022/11/03 09:20:33.284263 Viz|Pub to MQTT| {"player":2, "time":"197578411061", "rnd":5, "action":"done", "shootID":0}
2022/11/03 09:20:33.285557 Eng|Handling player:1  time:197580115179  rnd:5  action:shot  shootID:15, state=3
2022/11/03 09:20:33.285588 matched shootID = 15
2022/11/03 09:20:33.285730 Publish EvalResp, val=p1:{hp:60  action:shoot  bullets:4  grenades:1  num_shield:3}  p2:{hp:60  action:shoot  bullets:5  num_shield:2}
2022/11/03 09:20:33.285755 Publish Round(RoundT), val=6
2022/11/03 09:20:33.285918 Viz|Pub to MQTT| {"player":1, "time":"0", "rnd":0, "action":"shoot", "shootID":0}
2022/11/03 09:20:33.476295 Viz|Pub to MQTT| {"player":2, "time":"0", "rnd":0, "action":"shot", "shootID":0}
2022/11/03 09:20:33.672588 Viz|Pub to MQTT| {"player":2, "time":"0", "rnd":0, "action":"shoot", "shootID":0}
2022/11/03 09:20:33.858073 Viz|Pub to MQTT| {"player":1, "time":"0", "rnd":0, "action":"shot", "shootID":0}
2022/11/03 09:20:34.042609 Viz|Pub to MQTT| {"p1":{"hp":60, "action":"shoot", "bullets":4, "grenades":1, "shield_time":0, "shield_health":0, "num_deaths":0, "num_shield":3}, "p2":{"hp":60, "action":"shoot", "bu
llets":5, "grenades":0, "shield_time":0, "shield_health":0, "num_deaths":0, "num_shield":2}}
^C
> cp ecomm ecomm_mock
'ecomm' -> 'ecomm_mock'
> ./ecomm_mock -evalAddr "127.0.0.1:8088"
2022/11/03 09:25:17.254838 Eval|Connected
2022/11/03 09:25:17.255083 Subscribe pb.Event
2022/11/03 09:25:17.255100 Subscribe pb.InFovResp
2022/11/03 09:25:17.255138 Subscribe Round(RoundT)
2022/11/03 09:25:17.256645 Subscribe pb.Data
2022/11/03 09:25:17.256725 Subscribe EvalResp
2022/11/03 09:25:17.256743 Subscribe pb.Event
2022/11/03 09:25:17.778809 Relay|running
2022/11/03 09:32:04.574648 Relay|shoot started
2022/11/03 09:32:04.574719 Relay|shot started
2022/11/03 09:32:04.574856 Relay|gesture started
2022/11/03 09:32:04.574974 Relay|getRound started
2022/11/03 09:32:22.077872 Relay|Gesture rate=1, p1=0, p2=1
2022/11/03 09:32:23.151486 Relay|Gesture rate=20, p1=0, p2=20
2022/11/03 09:32:23.199977 Viz|Pub to MQTT| {"player":2, "time":"425941886034", "rnd":1, "action":"done", "shootID":0}
2022/11/03 09:32:23.200008 Eng|Handling player:2  time:425941886034  rnd:1  action:shield, state=0
2022/11/03 09:32:23.200358 Player 2 done
2022/11/03 09:32:24.186170 Relay|Gesture rate=19, p1=0, p2=19
2022/11/03 09:32:33.432004 rpc error: code = Canceled desc = context canceled
> ./ecomm_mock -evalAddr "127.0.0.1:8088"
2022/11/03 09:32:37.825077 Eval|Connected
2022/11/03 09:32:37.825325 Subscribe pb.Event
2022/11/03 09:32:37.825342 Subscribe pb.InFovResp
2022/11/03 09:32:37.825431 Subscribe Round(RoundT)
2022/11/03 09:32:37.827244 Subscribe pb.Data
2022/11/03 09:32:37.827337 Subscribe EvalResp
2022/11/03 09:32:37.827355 Subscribe pb.Event
2022/11/03 09:32:38.382419 Relay|running
2022/11/03 09:32:45.377341 Relay|shoot started
2022/11/03 09:32:45.377342 Relay|gesture started
2022/11/03 09:32:45.377392 Relay|shot started
2022/11/03 09:32:45.379878 Relay|getRound started
2022/11/03 09:32:51.838795 Relay|Gesture rate=1, p1=0, p2=1
2022/11/03 09:32:52.853473 Relay|Gesture rate=15, p1=0, p2=15
2022/11/03 09:32:53.164690 Eng|Handling player:1  time:15335726949  rnd:1  action:grenade, state=0
2022/11/03 09:32:53.164759 Player 1 done
2022/11/03 09:32:53.164811 Eng|Handling player:1  time:15335726949  rnd:1  action:checkFov, state=1
2022/11/03 09:32:53.164928 Viz|Pub to MQTT| {"player":1, "time":"15335726949", "rnd":1, "action":"done", "shootID":0}
2022/11/03 09:32:53.164938 Viz|Pub to MQTT| {"player":1, "time":"15335726949", "rnd":1, "action":"checkFov", "shootID":0}
2022/11/03 09:32:53.221653 Eng|Handling player:2  time:15389322831  rnd:1  action:shield, state=0
2022/11/03 09:32:53.221718 Player 2 done
2022/11/03 09:32:53.222020 Viz|Pub to MQTT| {"player":2, "time":"15389322831", "rnd":1, "action":"done", "shootID":0}
2022/11/03 09:32:53.554164 Eng|Handling player:2  time:15335726949  rnd:1  inFov:true, rnd=1
2022/11/03 09:32:53.554725 eval|Send {"p1":{"hp":100, "action":"grenade", "bullets":6, "grenades":1, "shield_time":0, "shield_health":0, "num_deaths":0, "num_shield":3}, "p2":{"hp":100, "action":"shield", "bull
ets":6, "grenades":2, "shield_time":10, "shield_health":0, "num_deaths":0, "num_shield":2}}
2022/11/03 09:32:53.555077 write tcp 127.0.0.1:52602->127.0.0.1:8088: write: broken pipe
> ./ecomm_mock -evalAddr "127.0.0.1:8088"
> cp ecomm ecomm_real
'ecomm' -> 'ecomm_real'
> cp ecomm ecomm_mock
'ecomm' -> 'ecomm_mock'
> cp ecomm_real ecomm
> ./ecomm_mock -evalAddr "127.0.0.1:8088"
2022/11/03 09:35:10.018079 Subscribe pb.Event
2022/11/03 09:35:10.018333 Subscribe pb.InFovResp
2022/11/03 09:35:10.018367 Subscribe Round(RoundT)
2022/11/03 09:35:10.020023 Subscribe pb.Data
2022/11/03 09:35:10.020103 Subscribe EvalResp
2022/11/03 09:35:10.020120 Subscribe pb.Event
2022/11/03 09:35:10.655069 Relay|running
2022/11/03 09:35:29.641144 Relay|gesture started
2022/11/03 09:35:29.641322 Relay|shoot started
2022/11/03 09:35:29.641439 Relay|shot started
2022/11/03 09:35:29.641489 Relay|getRound started
2022/11/03 09:36:25.628912 Relay|gesture started
2022/11/03 09:36:25.628953 Relay|shoot started
2022/11/03 09:36:25.629074 Relay|getRound started
2022/11/03 09:36:25.629124 Relay|shot started
2022/11/03 09:36:31.056379 Relay|Gesture rate=1, p1=0, p2=1
2022/11/03 09:36:31.390974 Eng|Handling player:2  time:81362537408  rnd:1  action:shield, state=0
2022/11/03 09:36:31.391085 Player 2 done
2022/11/03 09:36:31.391051 Viz|Pub to MQTT| {"player":2, "time":"81362537408", "rnd":1, "action":"done", "shootID":0}
2022/11/03 09:36:32.093480 Relay|Gesture rate=62, p1=3, p2=59
2022/11/03 09:36:32.232111 Eng|Handling player:1  time:82210198739  rnd:1  action:grenade, state=0
2022/11/03 09:36:32.232172 Player 1 done
2022/11/03 09:36:32.232211 Eng|Handling player:1  time:82210198739  rnd:1  action:checkFov, state=1
2022/11/03 09:36:32.232422 Viz|Pub to MQTT| {"player":1, "time":"82210198739", "rnd":1, "action":"done", "shootID":0}
2022/11/03 09:36:32.232422 Viz|Pub to MQTT| {"player":1, "time":"82210198739", "rnd":1, "action":"checkFov", "shootID":0}
2022/11/03 09:36:32.882118 Eng|Handling player:2  time:82210198739  rnd:1  inFov:true, rnd=1
2022/11/03 09:36:32.882714 Publish EvalResp, val=p1:{hp:100  action:grenade  bullets:6  grenades:1  num_shield:3}  p2:{hp:100  action:shield  bullets:6  grenades:2  shield_time:10  num_shield:2}
2022/11/03 09:36:32.882768 Publish Round(RoundT), val=2
2022/11/03 09:36:32.883132 Viz|Pub to MQTT| {"player":1, "time":"0", "rnd":0, "action":"grenade", "shootID":0}
2022/11/03 09:36:33.075186 Viz|Pub to MQTT| {"player":2, "time":"0", "rnd":0, "action":"shield", "shootID":0}
2022/11/03 09:36:33.128495 Relay|Gesture rate=98, p1=48, p2=50
2022/11/03 09:36:33.257275 Viz|Pub to MQTT| {"p1":{"hp":100, "action":"grenade", "bullets":6, "grenades":1, "shield_time":0, "shield_health":0, "num_deaths":0, "num_shield":3}, "p2":{"hp":100, "action":"shield"
, "bullets":6, "grenades":2, "shield_time":10, "shield_health":0, "num_deaths":0, "num_shield":2}}
2022/11/03 09:36:34.163891 Relay|Gesture rate=64, p1=50, p2=14
2022/11/03 09:36:42.882683 Viz|Pub to MQTT| {"player":2, "time":"0", "rnd":0, "action":"shieldAvailable", "shootID":0}
2022/11/03 09:36:43.062496 Viz|Pub to MQTT| {"p1":{"hp":100, "action":"grenade", "bullets":6, "grenades":1, "shield_time":0, "shield_health":0, "num_deaths":0, "num_shield":3}, "p2":{"hp":100, "action":"shield"
, "bullets":6, "grenades":2, "shield_time":10, "shield_health":0, "num_deaths":0, "num_shield":2}}
2022/11/03 09:36:54.615368 Viz|Pub to MQTT| {"player":1, "time":"104597239649", "rnd":1, "action":"done", "shootID":0}
2022/11/03 09:36:55.728317 Relay|Gesture rate=43, p1=42, p2=1
2022/11/03 09:36:55.911340 Viz|Pub to MQTT| {"player":2, "time":"105889315780", "rnd":1, "action":"done", "shootID":0}
2022/11/03 09:36:56.761916 Relay|Gesture rate=50, p1=0, p2=50
2022/11/03 09:36:57.797353 Relay|Gesture rate=51, p1=0, p2=51
^C
> ./ecomm_mock -evalAddr "127.0.0.1:8088"
2022/11/03 09:38:15.993251 Subscribe pb.Event
2022/11/03 09:38:15.993473 Subscribe pb.InFovResp
2022/11/03 09:38:15.993509 Subscribe Round(RoundT)
2022/11/03 09:38:15.995071 Subscribe pb.Data
2022/11/03 09:38:15.995138 Subscribe EvalResp
2022/11/03 09:38:15.995153 Subscribe pb.Event
2022/11/03 09:38:16.572976 Relay|running
2022/11/03 09:38:28.624082 Relay|gesture started
2022/11/03 09:38:28.624082 Relay|shoot started
2022/11/03 09:38:28.624082 Relay|shot started
2022/11/03 09:38:28.624527 Relay|getRound started
2022/11/03 09:38:50.701815 Relay|Gesture rate=1, p1=0, p2=1
2022/11/03 09:38:50.802812 Eng|Handling player:2  time:34805229721  rnd:1  action:grenade, state=0
2022/11/03 09:38:50.802891 Player 2 done
2022/11/03 09:38:50.802823 Viz|Pub to MQTT| {"player":2, "time":"34805229721", "rnd":1, "action":"done", "shootID":0}
2022/11/03 09:38:50.802946 Eng|Handling player:2  time:34805229721  rnd:1  action:checkFov, state=1
2022/11/03 09:38:50.803048 Viz|Pub to MQTT| {"player":2, "time":"34805229721", "rnd":1, "action":"checkFov", "shootID":0}
2022/11/03 09:38:51.652385 Eng|Handling player:1  time:35652269938  rnd:1  action:shield, state=0
2022/11/03 09:38:51.652449 Player 1 done
2022/11/03 09:38:51.652736 Viz|Pub to MQTT| {"player":1, "time":"35652269938", "rnd":1, "action":"done", "shootID":0}
2022/11/03 09:38:51.702245 Relay|Gesture rate=68, p1=12, p2=56
2022/11/03 09:38:51.831221 Eng|Handling player:1  time:34805229721  rnd:1  inFov:true, rnd=1
2022/11/03 09:38:51.831926 Publish EvalResp, val=p1:{hp:100  action:shield  bullets:6  grenades:2  shield_time:10  num_shield:2}  p2:{hp:100  action:grenade  bullets:6  grenades:1  num_shield:3}
2022/11/03 09:38:51.831966 Publish Round(RoundT), val=2
2022/11/03 09:38:51.832263 Viz|Pub to MQTT| {"player":1, "time":"0", "rnd":0, "action":"shield", "shootID":0}
2022/11/03 09:38:52.026399 Viz|Pub to MQTT| {"player":2, "time":"0", "rnd":0, "action":"grenade", "shootID":0}
2022/11/03 09:38:52.228967 Viz|Pub to MQTT| {"p1":{"hp":100, "action":"shield", "bullets":6, "grenades":2, "shield_time":10, "shield_health":0, "num_deaths":0, "num_shield":2}, "p2":{"hp":100, "action":"grenade
", "bullets":6, "grenades":1, "shield_time":0, "shield_health":0, "num_deaths":0, "num_shield":3}}
2022/11/03 09:38:52.724502 Relay|Gesture rate=98, p1=49, p2=49
2022/11/03 09:38:53.734036 Relay|Gesture rate=76, p1=50, p2=26
2022/11/03 09:39:01.832503 Viz|Pub to MQTT| {"player":1, "time":"0", "rnd":0, "action":"shieldAvailable", "shootID":0}
2022/11/03 09:39:02.039578 Viz|Pub to MQTT| {"p1":{"hp":100, "action":"shield", "bullets":6, "grenades":2, "shield_time":10, "shield_health":0, "num_deaths":0, "num_shield":2}, "p2":{"hp":100, "action":"grenade
", "bullets":6, "grenades":1, "shield_time":0, "shield_health":0, "num_deaths":0, "num_shield":3}}
2022/11/03 09:39:50.480334 Relay|Gesture rate=23, p1=23, p2=0
2022/11/03 09:39:50.604063 Eng|Handling player:1  time:94606899135  rnd:2  action:grenade, state=0
2022/11/03 09:39:50.604137 Player 1 done
2022/11/03 09:39:50.604183 Eng|Handling player:1  time:94606899135  rnd:2  action:checkFov, state=1
2022/11/03 09:39:50.604279 Viz|Pub to MQTT| {"player":1, "time":"94606899135", "rnd":2, "action":"checkFov", "shootID":0}
2022/11/03 09:39:50.604084 Viz|Pub to MQTT| {"player":1, "time":"94606899135", "rnd":2, "action":"done", "shootID":0}
2022/11/03 09:39:51.010516 Eng|Handling player:2  time:94606899135  rnd:2  inFov:true, rnd=2
2022/11/03 09:39:51.331431 Eng|Handling player:2  time:95334287334  rnd:2  action:shield, state=0
2022/11/03 09:39:51.331500 Player 2 done
2022/11/03 09:39:51.331722 Publish EvalResp, val=p1:{hp:100  action:grenade  bullets:6  grenades:1  num_shield:2}  p2:{hp:70  action:shield  bullets:6  grenades:1  shield_time:10  shield_health:30  num_shield:2
}
2022/11/03 09:39:51.331753 Publish Round(RoundT), val=3
2022/11/03 09:39:51.332022 Viz|Pub to MQTT| {"player":2, "time":"95334287334", "rnd":2, "action":"done", "shootID":0}
2022/11/03 09:39:51.332333 Viz|Pub to MQTT| {"player":1, "time":"0", "rnd":0, "action":"grenade", "shootID":0}
2022/11/03 09:39:51.488856 Relay|Gesture rate=84, p1=51, p2=33
2022/11/03 09:39:51.545281 Viz|Pub to MQTT| {"player":2, "time":"0", "rnd":0, "action":"grenaded", "shootID":0}
2022/11/03 09:39:51.767967 Viz|Pub to MQTT| {"player":2, "time":"0", "rnd":0, "action":"shield", "shootID":0}
2022/11/03 09:39:51.962198 Viz|Pub to MQTT| {"p1":{"hp":100, "action":"grenade", "bullets":6, "grenades":1, "shield_time":0, "shield_health":0, "num_deaths":0, "num_shield":2}, "p2":{"hp":70, "action":"shield",
 "bullets":6, "grenades":1, "shield_time":10, "shield_health":30, "num_deaths":0, "num_shield":2}}
2022/11/03 09:39:52.494263 Relay|Gesture rate=101, p1=51, p2=50
2022/11/03 09:40:01.336871 Viz|Pub to MQTT| {"player":2, "time":"0", "rnd":0, "action":"shieldAvailable", "shootID":0}
2022/11/03 09:40:01.567246 Viz|Pub to MQTT| {"p1":{"hp":100, "action":"grenade", "bullets":6, "grenades":1, "shield_time":0, "shield_health":0, "num_deaths":0, "num_shield":2}, "p2":{"hp":70, "action":"shield",
 "bullets":6, "grenades":1, "shield_time":10, "shield_health":30, "num_deaths":0, "num_shield":2}}
^C
>
> ^[[D./ecomm -evalAddr ""

>
> ./ecomm -evalAddr "137.132.92.184:9999"
2022/11/03 09:58:20.045189 Eval|Connected
2022/11/03 09:58:20.045418 Subscribe pb.Event
2022/11/03 09:58:20.045436 Subscribe pb.InFovResp
2022/11/03 09:58:20.045468 Subscribe Round(RoundT)
2022/11/03 09:58:20.047036 Subscribe pb.Data
2022/11/03 09:58:20.047151 Subscribe EvalResp
2022/11/03 09:58:20.047167 Subscribe pb.Event
2022/11/03 09:58:20.592793 Relay|running
2022/11/03 09:58:55.704037 Relay|gesture started
2022/11/03 09:58:55.704235 Relay|shoot started
2022/11/03 09:58:55.704336 Relay|shot started
2022/11/03 09:58:55.704475 Relay|getRound started
^C
> ./ecomm -evalAddr "137.132.92.184:9998"
2022/11/03 09:59:16.018026 Eval|Connected
2022/11/03 09:59:16.018260 Subscribe pb.Event
2022/11/03 09:59:16.018279 Subscribe pb.InFovResp
2022/11/03 09:59:16.018308 Subscribe Round(RoundT)
2022/11/03 09:59:16.019766 Subscribe pb.Data
2022/11/03 09:59:16.019826 Subscribe EvalResp
2022/11/03 09:59:16.019841 Subscribe pb.Event
2022/11/03 09:59:16.592976 Relay|running
2022/11/03 10:00:04.684293 Relay|shoot started
2022/11/03 10:00:04.684427 Relay|shot started
2022/11/03 10:00:04.684298 Relay|gesture started
2022/11/03 10:00:04.684593 Relay|getRound started
2022/11/03 10:00:22.833398 Relay|Gesture rate=1, p1=0, p2=1
2022/11/03 10:00:23.049184 Viz|Pub to MQTT| {"player":2,"time":"67027986273","rnd":1,"action":"done","shootID":0}
2022/11/03 10:00:23.049206 Eng|Handling player:2 time:67027986273 rnd:1 action:grenade, state=0
2022/11/03 10:00:23.050699 Player 2 done
2022/11/03 10:00:23.050839 Eng|Handling player:2 time:67027986273 rnd:1 action:checkFov, state=1
2022/11/03 10:00:23.050988 Viz|Pub to MQTT| {"player":2,"time":"67027986273","rnd":1,"action":"checkFov","shootID":0}
2022/11/03 10:00:23.216574 Eng|Handling player:1 time:67199344644 rnd:1 action:shoot shootID:19, state=0
2022/11/03 10:00:23.216645 Player 1 done
2022/11/03 10:00:23.216596 Viz|Pub to MQTT| {"player":1,"time":"67199344644","rnd":1,"action":"done","shootID":0}
2022/11/03 10:00:23.219711 Eng|Handling player:2 time:67202577077 rnd:1 action:shot shootID:19, state=1
2022/11/03 10:00:23.219743 matched shootID = 19
2022/11/03 10:00:23.460251 Eng|Handling player:1 time:67027986273 rnd:1 inFov:true, rnd=1
